1765 2512
119 296 191 331 que
205 297 269 332 por
297 296 355 323 sor
369 287 412 324 de
435 289 552 335 gracia
574 290 625 332 tú,

113 339 152 371 te
175 337 278 381 quiso
297 336 405 372 hacer
426 348 503 373 mas
523 341 700 384 graciosa;

119 384 233 429 podré
255 396 271 419 a
294 389 371 420 este
392 386 533 432 piélago
555 389 709 430 undoso,

119 434 137 467 á
157 438 235 467 este
257 442 331 468 mar
355 437 409 469 tan
431 435 487 469 sin
509 437 658 473 sozobra

118 480 135 514 á
159 484 236 515 este
260 481 424 526 prodigio
442 483 636 528 arrojarme

119 529 176 563 sin
199 529 337 574 peligro
356 530 399 564 de
422 534 498 565 esta
518 532 646 568 forma:

121 577 177 611 En
200 576 232 611 el
250 582 317 612 año
339 577 381 612 de
407 582 480 614 tres
501 580 576 619 mil,

116 635 233 670 según
253 625 355 660 dicen
377 626 429 661 las
452 626 624 664 historias

113 682 135 718 y
161 674 395 708 novecientos
418 686 435 720 y
462 686 546 716 uno,

116 732 158 756 se
179 722 236 756 vió
256 732 317 766 por
338 733 418 767 muy
440 723 555 759 -cierta
577 734 676 766 cosa,

123 779 192 814 que
219 770 400 810 Salomón,
424 772 609 818 aquel-rey

114 828 135 863 y
158 827 245 863 gran
269 818 382 858 sabio,
408 830 475 863 que
501 820 531 855 la
556 821 639 856 obra

120 867 177 900 del
208 866 352 910 Templo
374 867 390 900 á
411 877 474 902 vos
496 868 668 905 dedicada

123 915 272 959 empezó
293 925 357 949 con
382 918 477 950 tanta
499 921 598 952 costa

125 963 169 997 de
191 962 397 998 materiales
418 974 435 1008 y
457 968 579 1008 gente,

116 1021 186 1055 que
208 1010 417 1046 admirando
435 1014 451 1046 á
481 1012 532 1046 las
554 1024 743 1058 personas,

119 1060 137 1093 á
162 1059 190 1093 la
211 1060 300 1093 fama
323 1059 355 1094 le
377 1059 435 1094 dió
458 1061 561 1095 vuelo

118 1117 204 1152 para
228 1107 304 1152 fijar
322 1107 373 1142 las
394 1110 600 1150 memorias,

114 1155 321 1191 mandando
342 1160 460 1190 corlar
481 1157 537 1191 del
560 1163 682 1194 monte

115 1203 169 1238 las
190 1203 353 1239 maderos
376 1204 553 1246 olorosas,

115 1253 149 1286 el
171 1252 304 1292 libano,
326 1264 341 1297 y
370 1253 423 1286 los
444 1252 619 1300 ciprt

116 1300 335 1341 los.cedros,
361 1312 375 1346 y
400 1301 451 1336 las
471 1302 615 1338 caobas.

114 1348 226 1383 Entre
248 1349 302 1383 los
324 1349 446 1383 cuales
468 1354 634 1387 corlaron

116 1407 165 1431 un
188 1396 306 1441 ciprés
328 1397 370 1431 de
386 1408 495 1442 cuyas
513 1398 617 1444 hojas

114 1444 170 1480 los
189 1445 353 1480 ambares
374 1445 581 1490 respiraban

117 1493 196 1528 olor
218 1504 286 1538 que
308 1493 338 1528 el
362 1493 474 1528 évnno
504 1504 604 1539 goza.

114 1540 327 1577 Lleváronlo
352 1552 432 1586 para
456 1543 485 1576 el
506 1543 653 1588 Templo

118 1601 138 1635 y
161 1601 197 1625 se
212 1600 300 1634 puso
320 1589 362 1624 de
386 1589 431 1624 lid
455 1590 566 1626 forma

122 1648 192 1682 que
215 1638 327 1672 solo
354 1638 481 1672 mucha
505 1639 663 1680 madera,

117 1697 187 1731 que
216 1690 381 1721 cortaron
401 1687 454 1720 sin
480 1687 638 1722 demora.

125 1735 297 1775 Sacaron,
322 1745 424 1779 pues,
448 1736 480 1769 lo
502 1736 663 1776 cortado,

118 1794 138 1828 y
162 1794 264 1818 como
286 1783 435 1819 sobrada
458 1793 540 1818 cosa

127 1831 162 1867 lo
181 1831 320 1877 arrojan
345 1842 407 1876 por
429 1832 532 1876 acjuol
563 1832 678 1874 suelo,

116 1878 309 1925 pisándolo
329 1881 346 1914 á
371 1879 472 1914 todas
490 1881 608 1915 horas.

116 1928 167 1963 De
187 1928 243 1962 allí
267 1929 297 1962 al
321 1938 445 1974 arroyo
468 1928 606 1964 Cedrón

117 1976 152 2011 lo
174 1976 331 2012 llevaron
358 1987 374 2021 y
397 1987 439 2011 en
464 1987 525 2012 sus
547 1978 660 2013 ondas

119 2026 235 2060 servia
259 2025 300 2060 de
326 2029 456 2069 puente
478 2026 495 2060 á
515 2029 667 2062 cuantos

121 2073 280 2118 pasaban
302 2075 317 2107 á
345 2073 444 2107 todas
467 2073 588 2109 horas.

120 2120 276 2158 Pasaron
295 2121 511 2158 trescientos
532 2127 634 2162 años,

120 2171 177 2205 sin
204 2181 278 2213 ver,
304 2181 370 2215 que
393 2173 407 2204 á
430 2171 587 2216 ninguna
615 2172 700 2207 obra

123 2219 157 2254 lo
185 2219 318 2255 llevase
337 2219 366 2253 la
385 2219 536 2259 codicia,

122 2268 142 2301 ó
164 2266 194 2300 la
217 2267 392 2303 ambición
415 2269 611 2304 cautelosa.

121 2313 149 2349 Y
170 2314 326 2362 después
350 2325 417 2360 que
446 2316 503 2352 fué
525 2317 679 2358 forzo-so,

846 289 954 327 hacer
974 290 1005 327 la
1028 289 1118 325 Cruz
1138 288 1359 329 misteriosa,

845 349 927 384 para
951 350 1019 384 que
1042 339 1159 373 Cristo
1181 337 1339 372 muriese

846 397 889 422 en
913 392 1050 423 muerte
1080 390 1139 420 tan
1162 385 1356 424 afrentosa,

845 435 1001 481 trajeron
1024 438 1102 471 este
1126 433 1270 468 madero

847 483 890 518 de
910 483 1029 528 ciprés
1054 492 1158 517 como
1180 491 1217 515 se
1242 484 1340 519 nota,

846 541 864 575 y
887 542 953 566 con
984 533 1038 566 los
1066 530 1192 565 brazos
1214 528 1257 563 de
1279 529 1388 563 cedro

847 579 878 614 la
900 580 989 615 Cruz
1010 581 1027 614 á
1048 576 1164 613 Cristo
1188 576 1219 611 le
1238 577 1389 616 forman,

847 626 1107 672 cargándosela
1134 636 1177 660 en
1197 635 1259 659 sus
1289 625 1473 666 hombros,

843 675 904 710 fué
922 676 1020 711 decir
1043 685 1111 721 que
1134 684 1177 708 en
1199 672 1289 708 ellos
1308 676 1402 708 toma

847 723 878 758 el
901 734 987 768 paso
1010 724 1052 758 de
1077 725 1246 757 nuestras
1265 721 1404 765 culpas,

847 782 915 816 que
940 783 976 817 ya
1000 782 1064 807 con
1088 781 1127 805 su
1150 778 1281 815 sangre
1304 768 1424 810 borra,

846 831 864 865 y
888 830 955 864 que
977 820 1093 854 Cristo
1115 829 1157 852 en
1177 818 1208 852 el
1233 817 1397 853 Calvario

848 869 1002 903 vandera
1026 868 1152 902 ilustre
1177 865 1346 899 enal

843 926 890 951 en
914 916 1010 951 señal
1037 926 1104 961 que
1136 913 1194 949 fué
1217 913 1260 948 de
1283 913 1404 948 Cristo

847 964 877 998 la
897 974 972 999 mas
995 964 1159 1010 singular
1179 961 1343 1001 victoria;

847 1012 964 1047 donde
986 1023 1031 1047 un
1050 1010 1174 1047 ótulo
1189 1010 1220 1044 le
1243 1019 1359 1053 ponen

847 1070 890 1095 en
918 1064 993 1095 tres
1010 1061 1177 1105 lenguas,
1202 1058 1221 1092 ó
1243 1057 1408 1097 idiomas,

844 1109 982 1146 Latina,
1010 1108 1138 1153 Griega
1158 1118 1177 1152 y
1204 1105 1358 1145 Hebrea,

849 1167 917 1201 que
940 1157 1042 1191 dicen
1063 1157 1106 1191 de
1129 1158 1279 1200 aquesta
1300 1153 1425 1190 forma:

848 1205 954 1240 Jesús
983 1204 1179 1243 Nazareno,
1205 1212 1263 1246 rey

846 1253 894 1287 do
913 1252 1034 1298 judíos
1063 1264 1079 1298 y
1105 1256 1182 1287 esta
1213 1249 1335 1295 propia

847 1301 981 1336 tablilla
1001 1301 1044 1336 de
1067 1300 1181 1345 palma
1204 1298 1278 1338 fué,

845 1350 862 1384 á
885 1349 1002 1384 donde
1022 1349 1074 1383 las
1101 1348 1210 1383 letras
1230 1346 1356 1391 forjan;

847 1401 921 1432 otra
939 1408 980 1432 en
1004 1407 1073 1442 que
1095 1396 1154 1441 lijó
1177 1396 1230 1431 los
1252 1395 1344 1439 pies,

847 1455 928 1489 para
955 1456 1023 1490 que
1047 1446 1100 1479 los
1120 1445 1241 1480 clavos
1263 1452 1424 1487 rompan,

847 1493 905 1528 fué
926 1493 968 1528 de
988 1492 1078 1529 oliva
1104 1503 1173 1538 que
1205 1493 1234 1527 la
1258 1501 1321 1536 paz

848 1552 950 1576 como
972 1543 988 1576 á
1016 1552 1102 1587 gran
1127 1552 1185 1585 rey
1211 1551 1249 1574 se
1273 1540 1303 1574 le
1327 1541 1460 1583 postra:

846 1589 960 1625 Habló
984 1590 1066 1635 aquí
1089 1589 1181 1624 siete
1201 1587 1381 1633 palabras,

848 1648 868 1683 y
884 1638 912 1673 la
935 1638 1087 1682 primera
1100 1648 1155 1672 es:
1176 1636 1348 1682 perdona.

849 1686 960 1722 Padre
980 1690 1152 1731 aquestos
1170 1686 1371 1723 inocentes,

849 1745 918 1780 que
947 1735 980 1769 lo
1008 1745 1077 1780 que
1102 1734 1214 1768 hacen
1243 1733 1406 1778 ignoran:

850 1784 879 1817 la
906 1784 1067 1828 segunda
1089 1781 1162 1818 fué:
1194 1782 1261 1824 hoy
1284 1781 1386 1815 serás

848 1842 891 1866 en
922 1832 968 1865 mi
992 1830 1149 1870 Paraíso,
1178 1830 1197 1865 ó
1220 1828 1352 1869 Gloria;

848 1880 1011 1919 Domine,
1040 1882 1216 1914 memento
1234 1887 1328 1921 mey,

847 1928 1018 1972 pidiendo
1040 1926 1302 1961 misericordia.

848 1976 896 2012 La
920 1981 1057 2011 tercera
1076 1974 1149 2010 fué:
1173 1984 1301 2019 muger

850 2025 881 2070 (á
909 2036 948 2059 su
971 2024 1092 2059 madre
1115 2021 1294 2066 dolorosa)

849 2084 912 2108 ves
936 2072 1001 2117 lfay
1024 2076 1062 2107 tu
1082 2071 1169 2116 hijo;
1194 2082 1210 2116 y
1235 2071 1264 2105 la
1288 2074 1409 2106 cuarta

853 2122 882 2166 (á
904 2120 1007 2165 Juan)
1032 2131 1069 2156 es
1090 2124 1124 2153 tu
1151 2120 1272 2154 madre
1293 2118 1382 2153 sola.

852 2170 898 2215 La
923 2169 1043 2215 quinte*
1064 2169 1147 2213 dijo:
1172 2168 1233 2202 sed
1263 2172 1386 2212 tengo,

852 2230 869 2263 y
890 2219 919 2252 le
947 2219 1127 2263 aplicaron
1152 2217 1180 2250 la
1203 2216 1352 2261 esponja

850 2267 991 2302 cuando
1005 2266 1063 2301 fué
1081 2265 1144 2301 sed
1168 2265 1211 2299 de
1235 2275 1304 2309 que
1332 2263 1364 2298 el
1395 2262 1528 2297 mundo

850 2325 888 2351 se
915 2315 1053 2351 salvase
1079 2315 1095 2350 á
1120 2317 1215 2349 tanta
1240 2315 1353 2347 costa.
