1737 2508
205 283 310 319 Sesla
332 284 581 319 consumatum
601 286 671 321 ele;

207 342 276 376 que
295 332 376 376 aqui
396 330 519 365 dieron
543 326 591 365 fin
607 330 659 365 las
677 340 780 367 cosas

206 380 250 414 de
269 379 372 414 todas
392 379 446 414 las
466 378 656 423 profesias,

207 438 226 471 y
248 427 435 462 muriendo
456 426 545 471 pagó
562 427 579 460 á
604 425 719 461 todas.

208 474 340 510 Sétima
361 474 413 510 es:
435 474 606 510 Inmanus
628 478 708 510 lúas

205 523 304 568 (lodo
325 524 419 558 lleno
432 522 476 557 de
498 523 683 568 congojas)

208 572 414 607 comineado
435 571 565 615 spiritu
586 581 716 611 meum,

203 618 341 654 recibid
359 619 378 654 ó
401 618 514 654 Padre
535 619 659 653 ahora,

205 667 390 712 najáronle
412 666 455 701 de
478 671 510 701 la
538 666 640 708 Cruz,

203 715 357 759 pasadas
383 715 540 759 después
561 718 637 750 tres
655 714 776 757 horas;

204 773 287 807 para
309 762 523 800 enterrarlo,
544 763 696 808 dejando

203 811 235 846 la
253 813 342 847 Cruz
359 812 402 846 de
425 811 556 851 Cristo,
579 812 662 847 vías
684 815 795 853 otras,

204 869 224 903 y
250 859 456 895 resucitado
478 870 532 904 ya,

203 906 335 943 viendo
358 917 426 952 que
457 907 561 942 lodos
584 917 621 941 se
644 909 787 953 enojan,

204 956 303 991 lucra
324 956 382 991 del
407 956 510 1000 lugar
530 955 694 991 hicieron

203 1014 273 1039 una
297 1014 380 1039 cava
406 1006 556 1048 angosta
582 1014 599 1047 y
624 1003 758 1044 honda,

203 1052 306 1097 junto
335 1052 367 1087 al
385 1052 551 1097 sepulcro
574 1051 618 1086 de
639 1051 770 1092 Cristo,

204 1101 223 1134 á
247 1100 363 1135 donde
383 1101 434 1134 las
455 1103 528 1136 tres
542 1099 700 1145 arrojan,

206 1148 361 1193 tapando
382 1147 465 1183 lodo
493 1151 571 1182 este
589 1147 668 1182 foso

206 1206 275 1232 con
296 1195 517 1231 inmundicia
536 1205 748 1240 asquerosa.

204 1243 361 1279 Pasaron
382 1244 600 1279 trescientos
621 1248 723 1285 años,

205 1292 264 1327 sin
288 1302 357 1338 que
376 1304 415 1338 ya
442 1292 594 1326 hubiese
614 1293 785 1328 memoria

209 1340 254 1376 de
278 1342 311 1376 la
335 1341 423 1375 Cruz
444 1340 480 1374 ni
501 1340 558 1375 del
578 1341 759 1385 sepulcro,

208 1398 278 1433 que
299 1392 397 1423 tanto
416 1388 499 1423 bien
522 1391 678 1423 atesora.

209 1437 252 1472 Al
271 1437 357 1473 cabo
381 1437 398 1471 á
423 1436 453 1471 la
472 1437 688 1480 emperatriz

207 1485 251 1520 de
272 1486 303 1521 la
324 1495 411 1530 gran
434 1485 725 1530 constantinopla

205 1534 333 1574 Elena,
361 1534 405 1568 de
433 1533 670 1569 Constantino

206 1582 328 1617 madre
355 1582 448 1620 feliz,
473 1592 491 1626 y
509 1580 672 1626 piadosa,

206 1629 241 1665 le
259 1630 379 1666 reveló
413 1629 513 1669 Dios,
537 1639 607 1674 que
627 1631 728 1666 fuese

206 1691 288 1724 muy
313 1683 430 1714 atenta
451 1689 466 1722 y
489 1677 682 1713 cuidadosa

205 1729 223 1762 á
246 1728 448 1765 Jcrusalcn,
469 1737 486 1770 y
505 1736 546 1761 en
571 1727 636 1760 ella

207 1776 360 1811 buscase
383 1776 412 1810 la
436 1775 524 1809 Cruz
551 1774 715 1810 dichosa:

205 1824 234 1858 II
241 1823 291 1859 izo
297 1824 329 1859 lo
359 1823 424 1861 asi,
450 1834 467 1867 y
492 1822 718 1867 apremiados

206 1883 273 1907 con
295 1871 413 1907 fuerza
438 1881 518 1916 muy
549 1870 711 1915 rigorosa

205 1920 262 1955 los
279 1920 397 1965 judíos
426 1929 503 1953 mas
524 1919 695 1964 antiguos

206 1979 252 2003 en
278 1978 346 2004 una
367 1967 483 2003 cárcel
504 1976 639 2012 penosa

206 2027 289 2062 para
313 2027 380 2061 que
396 2026 438 2051 en
459 2016 525 2050 ella
552 2015 689 2060 dijesen

208 2065 326 2101 donde
354 2064 382 2099 la
404 2074 488 2099 cruz
511 2067 693 2099 atesoran:

208 2123 367 2158 negaron
389 2112 506 2152 todos,
539 2122 556 2156 y
580 2111 708 2148 viendo

208 2161 239 2196 el
261 2161 327 2197 mal
352 2165 456 2200 trato,
485 2172 503 2206 y
525 2169 593 2205 que
611 2170 652 2195 es
672 2161 813 2198 forzosa

208 2210 239 2244 la
260 2209 500 2249 declaración,
524 2218 657 2254 sopeña

209 2258 253 2292 de
276 2261 412 2294 muerte
433 2257 512 2292 sino
534 2256 565 2291 le
582 2258 773 2298 informan,

208 2305 243 2341 le
262 2305 399 2353 dijeron
421 2306 438 2341 á
460 2306 491 2340 la
519 2304 631 2344 reina,

932 292 1001 328 que
1022 282 1212 318 desvelada
1235 292 1274 317 se
1303 285 1425 327 postra

930 332 961 366 al
988 331 1083 367 Cielo
1107 342 1123 375 y
1142 341 1210 375 que
1230 331 1296 365 ella
1323 329 1495 365 mandase

928 380 1086 424 prender
1102 380 1259 425 (aunque
1280 388 1320 413 se
1340 378 1503 413 alborota

932 426 1014 462 toda
1038 428 1067 462 la
1085 425 1229 472 ciudad)
1249 429 1264 460 á
1282 436 1327 461 un
1354 426 1474 470 judas,

932 485 999 519 que
1020 475 1051 510 él
1073 475 1149 510 dirá
1176 476 1207 510 la
1236 473 1370 509 verdad
1389 473 1482 509 toda.

931 523 1054 558 Hízolo
1068 524 1097 558 la
1121 523 1233 562 reina,
1255 534 1271 568 y
1295 522 1400 566 luego

933 572 1082 616 prendió
1105 572 1120 605 á
1138 571 1261 608 Judas,
1287 581 1304 614 y
1325 579 1453 614 gozosa

933 619 1014 654 hizo
1035 620 1153 664 largar
1174 621 1192 653 á
1221 619 1274 653 los
1294 621 1408 657 otros,

934 678 996 710 por
1018 667 1080 702 dar
1101 667 1146 701 fin
1170 668 1185 701 á
1207 666 1240 700 lo
1265 675 1334 710 que
1354 665 1523 710 importa.

929 715 1062 750 Túvolo
1081 715 1141 750 allí
1163 714 1315 749 muchos
1335 716 1437 754 años,

932 764 986 799 sin
1004 762 1143 799 comida
1177 762 1209 797 ni
1230 767 1305 796 otra
1328 772 1425 801 cosa,

929 811 1145 857 aherrojado
1173 811 1216 846 de
1237 809 1378 855 grillos,

931 871 952 903 y
976 870 1041 894 una
1065 859 1199 894 cadena
1223 867 1372 901 penosa.

935 907 1072 942 Tiendo
1099 917 1167 951 que
1189 906 1247 941 alli
1269 905 1428 944 moriría,

933 966 954 1000 y
972 965 1042 1000 que
1062 965 1121 990 ora
1152 965 1193 989 su
1207 953 1309 998 culpa
1331 956 1468 998 propia,

930 1003 1006 1049 elijo
1032 1005 1048 1037 á
1075 1004 1104 1038 la
1126 1003 1238 1041 reina;
1257 1000 1422 1036 sacadme

935 1052 979 1087 de
1000 1055 1151 1096 aquesta
1174 1050 1323 1095 prisión,
1349 1048 1497 1090 Señora,

935 1111 952 1144 y
977 1110 1102 1134 vamos
1121 1100 1152 1134 al
1175 1099 1272 1137 sitio,
1295 1098 1412 1131 donde

933 1158 993 1182 esa
1017 1148 1119 1186 Cruz,
1145 1156 1213 1192 que
1232 1144 1428 1181 cuidadosa

932 1195 1092 1237 buscáis,
1114 1205 1184 1240 que
1209 1204 1323 1239 según
1345 1193 1390 1227 he
1410 1192 1504 1233 oido,

935 1254 979 1278 no
1000 1244 1065 1288 hay
1088 1243 1181 1278 duda
1200 1252 1243 1278 en
1266 1241 1412 1278 hallarla
1436 1242 1559 1278 ahora.

934 1291 1141 1329 Sacáronlo,
1173 1303 1191 1336 y
1215 1301 1281 1325 con
1300 1290 1330 1324 la
1353 1289 1452 1324 reina

934 1339 992 1375 fué
1014 1344 1186 1383 compaña
1209 1338 1396 1383 populosa,

933 1388 1054 1423 donde
1083 1387 1280 1423 señalando
1301 1385 1333 1421 el
1361 1384 1460 1426 sitio,

934 1436 1130 1471 acudieron
1152 1436 1230 1471 cien
1254 1444 1429 1479 personas

928 1494 1000 1520 •con
1022 1485 1134 1529 palas,
1158 1495 1176 1529 y
1199 1493 1264 1519 con
1295 1481 1436 1521 azadas,

934 1543 999 1568 con
1023 1537 1227 1578 espuertas,
1253 1542 1269 1576 y
1291 1534 1390 1566 otros
1411 1540 1528 1571 cosas,

934 1583 949 1614 á
974 1581 1091 1615 donde
1114 1591 1156 1615 en
1178 1590 1259 1624 muy
1281 1588 1368 1623 poco
1400 1579 1544 1624 tiempo,

930 1639 1001 1673 que
1023 1627 1225 1674 trabajaron
1248 1627 1403 1667 celosas,

935 1676 1191 1712 descubrieron
1224 1676 1254 1710 el
1279 1675 1451 1720 Sepulcro

935 1725 1052 1759 donde
1074 1725 1203 1760 estribo
1221 1724 1357 1762 Cristo,
1381 1723 1549 1758 ahondan

934 1773 1037 1808 hasta
1067 1784 1135 1818 que
1154 1773 1221 1808 dan
1243 1782 1310 1807 con
1335 1772 1384 1806 las
1409 1776 1481 1806 tres

934 1822 1064 1856 Cruzes
1091 1825 1250 1860 enteras,
1276 1831 1292 1864 y
1316 1819 1517 1854 hermosas.

933 1869 1121 1910 Quedaron
1145 1880 1186 1904 en
1204 1867 1392 1904 confusión

937 1918 968 1952 al
997 1918 1254 1956 descubrirlas,
1280 1926 1348 1961 que
1365 1917 1513 1961 ignaran

936 1965 1014 2001 cual
1044 1966 1136 2002 seria
1164 1966 1208 2001 de
1227 1966 1278 2000 las
1297 1969 1374 2000 tres

935 2015 966 2050 la
990 2024 1057 2059 que
1086 2015 1128 2049 ha
1147 2014 1190 2049 de
1216 2024 1274 2049 ser
1291 2023 1366 2048 mas
1392 2013 1560 2052 honro'a,

934 2063 1136 2101 Llamaron,
1160 2071 1264 2107 pues,
1294 2061 1324 2096 al
1352 2061 1499 2105 Obispo,

935 2121 1003 2154 que
1027 2121 1093 2146 con
1118 2115 1278 2156 presteza
1302 2109 1461 2143 animosa

937 2159 1030 2204 llegó
1055 2170 1135 2204 para
1160 2169 1227 2204 que
1247 2157 1416 2203 supiesen

936 2207 967 2242 la
989 2219 1056 2252 (¡ue
1077 2218 1135 2243 era
1156 2207 1201 2242 de
1230 2207 1348 2241 Cristo
1367 2207 1455 2241 sola.

938 2256 1096 2291 Tocaron
1120 2258 1136 2290 á
1160 2266 1227 2291 una
1250 2255 1386 2290 difunta

940 2314 1006 2339 con
1035 2305 1088 2339 las
1123 2304 1189 2341 dos
1211 2314 1257 2339 no
1282 2302 1442 2339 hicieron
1460 2310 1545 2338 cosa
