1765 2512
311 229 341 281 4
259 280 623 336 quisiera pa tí tené
259 328 728 386 el Potosí en esta mano
267 377 773 437 y too el imperio otomano
267 427 678 487 pa jaserte reina de é,
267 472 743 534 y yo sentarme á sus pié
267 524 769 582 contemplando con sentio,
267 571 670 629 ese cuerpo bendesio
271 621 729 677 y esa cara de amapola,
270 666 793 734 pa endiñarle en la chirola
271 718 672 774 á ese purí de tu tio,
275 765 712 827 yo nasí para quererte,
271 817 676 876 manojo é clavellina,
273 862 735 926 rayo é sol, cara divina,
277 912 773 975 porque lo jiso mi suerte:
277 956 825 1022 manque no quiera tu gente
277 1008 797 1070 ese cuerpo ha de ser mio,
283 1055 769 1119 porque me tienes partio;
285 1107 682 1169 deja tu roar la bola
285 1152 841 1220 que le he diñá en la chirola
285 1206 680 1264 á ese purí de tu tio.
285 1247 841 1309 Con que así no tengas pena
289 1301 674 1361 esconchaito de oro,
288 1344 803 1412 que no quiero mas tesoro
295 1398 781 1462 que ver tu cara morena;
291 1441 740 1503 esencia é yerba-buena
291 1495 807 1555 sin tu queré estoy perdio,
301 1542 752 1602 ya verá con qué sentio
297 1586 843 1652 he de armá una carambola
301 1637 821 1703 pa endiñarle en la chirola
297 1689 696 1747 á ese purí de tu tio.
251 1737 789 1799 A. Joseliyo, me has matao
305 1789 817 1847 con los dicho de tu boca,
307 1834 779 1894 de la alegría estoy loca,
307 1882 737 1944 viva tu cuerpo, salao,
309 1931 848 1997 ¿quién me separa é tu lao,
316 1975 854 2045 quién ha é sé Joseliyo mio,
303 2026 922 2090 siendo el dueño é mi albedrio?
978 256 1462 320 dise bien, dale á la bola,
977 307 1494 379 pa endiñarle en la chirola
980 357 1387 419 á ese purí de mi tio.
979 406 1379 470 Pa tí seré yo ná má
981 452 1450 520 por que á tu lao salero
981 499 1456 567 siento yo un jormigaero
989 549 1397 617 y un gustito, puñalá,
980 598 1432 662 si no me pueo esplicá,
991 644 1517 714 que se me guilla el sentio,
989 693 1502 761 con que así moreno, mio,
989 747 1375 811 toma mi alma toda
1158 794 1407 850 Se abrazan.
991 840 1514 910 pa endiñarle en la chirola
993 887 1417 953 á ese puró de mi tio.
1102 933 1474 997 Entra D. Cándído.
953 980 1545 1052 C. ¡Se habrá visto cosa igual!
995 1036 1341 1100 señorita, yo veré
997 1082 1420 1147 si se burla V. de mí.
955 1127 1521 1201 A. Pus no me tengo atrevé!
1001 1179 1495 1244 no conose osté mi genio?
1000 1230 1450 1296 manque yo nasí mujer
1001 1276 1442 1339 en diciendo sí que sí,
1003 1323 1535 1387 si supiera que habia é ser
1008 1371 1551 1440 mas prove que son la rata.
965 1422 1425 1492 C. Pus señora, sepa V.
1019 1468 1478 1542 que consentiré primero
1017 1517 1498 1587 que eso llegue á suceder
1015 1565 1549 1635 encerrarla en un convento.
965 1612 1607 1686 A. Mas que me llevosté á Argel
1015 1668 1395 1734 ná le ataja tito mio
1017 1703 1545 1775 á dos que se quieren bien;
1017 1759 1539 1829 la verda, porque el cariño
1021 1814 1436 1878 too lo vence, estasté.
973 1858 1527 1928 C. Uf, me falta la paeiencia
1025 1905 1460 1971 y no sé lo que hacer;
1029 1955 1541 2025 Dios os haga bien casados
1035 2004 1569 2076 y siga siempre ese querer.
917 2123 1018 2177 FIN.
369 2192 1572 2278 CARMONA: Imp. y lib. de D. José M. Moreno, Madre de Dios, 1.
