1737 2508
1120 253 1412 298 (Número 140.)
383 1175 1257 1231 RELACION JOCOSA
121 1337 1525 1388 EL AMANTE MAS PERFECTO.
171 1517 665 1556 Noble y discreto Auditorio
119 1561 624 1601 aqui estoy á tu obediencia,
128 1606 582 1642 y para cumplir tu órden
125 1649 576 1687 voy á decirte mis penas.
117 1694 547 1732 Un Español soy, aborto
125 1739 568 1778 de la mas sañuda esfera,
122 1782 515 1820 que en oróscopo fatal
125 1826 576 1866 pudo forjar la influencia.
119 1871 541 1908 Mí patria no se cual es;
118 1914 482 1951 y si acaso lo supiera
116 1959 584 1995 la callára, porque he oido
120 2003 658 2042 á los hombres de esperiencia,
119 2046 616 2084 que poco importa la patria
117 2091 564 2129 si las acciones no dejan
116 2134 471 2172 acreditado el valor,
118 2178 628 2217 el lustre, fausto y decencia.
120 2222 678 2264 Con que asi, ilustre Congreso,
117 2266 614 2304 yo soy mi patria, mi tierra,
112 2311 642 2354 mi caudal, mis ascendientes,
856 1529 1368 1566 mi descendencia, y nobleza.
852 1573 1224 1606 Paso á referir ahora
848 1616 1318 1652 lo terrible de mi estrella,
849 1660 1432 1700 porque adoro á una hermosura,
852 1705 1444 1745 que al mismo tiempo que bella,
852 1749 1261 1784 es esquiva y mas cruel
848 1791 1337 1833 que puede serlo una fiera.
860 1836 1302 1874 cuando á ella me dirijo,
852 1880 1284 1916 le digo de esta manera:
855 1925 1316 1961 El amor que te he tenido,
855 1970 1392 2008 tengo tendré aunque fallezca,
850 2014 1390 2052 ha sido tan casto, y mudo....
1047 2058 1326 2094 (Hace el mudo.)
848 2100 1322 2136 Mudo, rendido, y amante,
856 2144 1352 2182 viendo tu sólio, y grandeza,
845 2186 1232 2225 y cual icaro atrevido,
844 2232 1300 2268 á los globos de tu esfera
849 2276 1226 2313 corría, mudo quedé,
852 2323 1287 2359 temiendo el activo etna
