1737 2508
171 288 616 327 platico como é debio,
179 341 696 380 en la tierra abrá mas brio
178 392 677 433 que tienen la sigarreras.
176 446 601 486 Con su mantiya terciá
179 498 566 539 y su bestio é laniya,
172 552 580 590 no paese Carmeliya
178 605 588 644 una santa en el artá?
180 655 733 695 —Tiene osté mucha razon.
178 706 790 750 —Que si la tengo, me jundo.
177 760 814 802 si no se encuentra en el mundo
184 816 624 856 mujé de ma pefesion.
179 869 645 910 Se juntó gúena coyera,
186 922 653 962 un mosito como un pino
187 973 684 1018 y una mosa sandunguera.
183 1028 578 1068 Soy torero y bebeó,
179 1079 657 1123 y si é licó de lo güeno,
182 1134 701 1174 en tres meses no me lleno
181 1188 548 1228 esta pansa é licó.
183 1242 693 1280 Canto tambien la serrana
189 1293 730 1336 de Juan de Dios y Planeta,
181 1343 627 1391 yo canto la Sevillana,
187 1396 610 1443 y toco las castañetas.
182 1454 608 1495 Si hablamos é toreá,
187 1507 669 1546 toita la jente se espanta
187 1560 706 1601 tan solo de ver mi planta,
191 1611 598 1652 y mi mucha sereniá.
193 1664 559 1706 Veraste camaraita;
192 1721 616 1759 sali yo en una corria,
197 1773 728 1811 compare, en Ronda una vé
197 1823 593 1862 y me suertan una re
196 1878 684 1916 mu ligera y muy brabia,
201 1931 710 1971 y como yo soy tan torero,
202 1984 567 2024 le ije á mi camará,
202 2036 778 2075 caracole, no hay que temblá
193 2090 796 2129 que está en la plaza un torero.
201 2143 591 2183 En cuanto le ije, je,
193 2196 752 2239 arto allá, que aquí estoy yo,
196 2248 628 2290 compare, me se queó
1424 219 1456 269 3
893 287 1372 326 mas quieto que esa paé.
899 338 1308 379 Viéndolo atemorisao,
896 392 1314 433 lo agarré po é josico;
897 445 1398 484 como si fuera un borrico
895 496 1423 537 muy viejo y mu amansao.
905 549 1430 590 Viendo la gente esta azaña
899 603 1412 643 me tiraban los sombreros
910 656 1388 697 diciendo, viva el torero,
907 711 1526 750 no hay quien lo jága en España.
906 762 1290 803 Si jablamos é bebé,
909 816 1455 858 compare, pierdo la cuenta,
909 870 1395 910 consumo toa las ventas,
902 922 1369 962 que hay de aqui á Jeré.
910 975 1384 1015 Quiero una mosa juncá
910 1028 1335 1067 con ojos de terciopelo
907 1082 1352 1120 sobre una cara é cielo
912 1136 1359 1173 manchaita de un luná
905 1189 1443 1226 que sea su pié una pintura
907 1240 1411 1281 y toa su boca un confite
914 1294 1543 1332 que pá hablá cuando se enrrite
915 1347 1401 1386 se le esponje la sentura.
917 1399 1437 1438 que sea un sellito su mano
919 1453 1324 1493 y sus deitos cadete,
919 1505 1457 1544 y toito el brazo un juguete
915 1560 1328 1599 apreciao pó un jitano.
920 1612 1387 1650 Que venga una mosa así
920 1664 1385 1704 y me diga ¡jai chiquillo!
930 1718 1355 1758 ¡me quieres resalaillo!
924 1771 1354 1810 y me mato ahora aquí;
926 1824 1408 1863 ma jogue si no es verdá,
922 1877 1464 1915 Antonio Cruz no te engañas
913 1930 1493 1973 ¿quies tu callá? ¡y la pestaña!
921 1986 1334 2026 ¡y la boca! y el andá!
919 2038 1466 2073 y el cabello de una endrina
923 2090 1469 2132 ¡y el pié, puñales, y el pié!
923 2145 1425 2179 como no vea á esa mugé
917 2197 1528 2236 ma choco contra una esquina.
914 2249 1347 2289 No lo pueo remediar
