1765 2512
131 300 162 351 8
84 353 626 405 para esta noche á las doce
84 400 627 450 vendrás, dueño mio, solo,
85 449 598 500 y en una reja que tiene
82 496 644 546 dos palmos, estarás pronto
81 544 547 594 en hacer alguna seña,
85 593 686 645 que este es mi retiro propio,
88 640 651 690 y una cuerda de diez varas
81 687 653 739 has de traer que es forzoso
82 740 557 790 bajar desde una azotea,
87 787 759 840 que aunque el paso es peligroso,
85 837 488 887 atropellaré peligros
85 884 626 936 porque tú seas mi esposo.
81 933 601 987 No dijo mas, y con esto,
82 982 566 1033 señores quedé tan loco,
85 1029 613 1080 que no llegué á presumir
82 1074 545 1129 si era mio tanto gozo.
88 1129 595 1179 Tocó el reloj à las doce,
85 1174 524 1227 tomè la calle brioso,
85 1223 692 1277 llegué al postigo y tocando,
84 1271 654 1321 con pasos muy presurosos
84 1320 615 1372 salió Rosaura y me dijo:
85 1369 613 1420 amante y querido esposo,
85 1414 631 1467 recibe esta ropa y dame
84 1463 671 1514 la cuerda, y disela pronto.
87 1511 545 1563 Aseguróla, y bajando
85 1558 631 1610 con un denuedo animoso,
89 1608 633 1660 recibiéndola en los brazos
91 1657 575 1707 tomé la calle animoso.
803 346 1386 401 El placer que aquella noche
805 396 1314 448 tuve, nótele el curioso.
804 443 1284 499 Al siguiente dia salgo
807 489 1317 546 con un ingenio mañoso,
809 539 1327 593 en un coche que pasaba
809 589 1317 639 á Córdoba, la acomodo,
811 634 1293 687 donde iba un caballero
812 688 1313 742 y una señora, gustosos
811 736 1343 789 de haber un pleito ganado
808 784 1323 837 nos recibieron gustosos
811 831 1314 888 y Rosaura á los señores
811 881 1281 932 contó su suceso todo.
813 929 1317 986 A su casa nos llevaron,
814 977 1414 1031 y en persona pasó él propio,
812 1025 1407 1080 dió cuenta al Señor Obispo:
812 1075 1298 1130 pero el pastor animoso
811 1119 1398 1174 mandó que nos desposaran,
815 1171 1298 1222 y lo ejecutaron pronto,
821 1219 1366 1274 y componiendo las partes
820 1268 1349 1318 quedaron todos gustosos.
824 1312 1345 1363 Y porque de los oyentes
814 1362 1325 1416 habrá algunos deseosos
816 1407 1365 1463 de saber mi nombre, digo
819 1460 1335 1515 que me llamo D. Antonio
815 1507 1297 1565 de Narvaez y me obligo
813 1553 1286 1613 para servirlos á todos,
816 1603 1391 1660 porque perdonen mis faltas
823 1650 1433 1704 y yerros que no habrá pocos.
667 1902 924 2034 FIN.
612 2178 1007 2231 CARMONA:—1858.
172 2226 1426 2286 Imp. de D. José M. Moreno, calle Juan de la Cabra núm. 4.
