1765 2512
206 338 284 364 mas
305 326 447 377 majito,
475 337 546 376 que
566 325 599 363 la
623 331 778 373 muerte,

202 391 353 429 aunque
373 379 457 430 algo
480 378 574 417 flaco
594 378 640 417 de
661 378 809 427 corbas,

201 443 266 469 era
283 444 327 469 en
344 432 482 482 tiempo
505 430 551 469 de
572 429 603 468 la
625 430 738 469 Feria

199 485 246 522 de
266 482 412 534 aquella
435 483 543 521 dulce
563 482 723 535 paloma,

200 548 271 575 con
284 548 380 587 cuyo
400 549 493 587 gran
513 536 678 587 regocijo

199 601 240 627 se
260 589 408 629 celebra
425 587 448 627 á
471 595 550 627 esta
571 588 727 627 Señora:

199 640 332 692 llegué,
357 655 379 693 y
401 640 524 680 recéle
539 640 560 679 á
580 641 614 678 la
637 642 788 692 Virgen,

198 707 247 732 no
266 694 323 732 sin
343 695 478 744 alguna
499 694 675 741 zozobra,

199 759 345 797 porque
370 747 424 784 los
446 746 641 797 ojostraia,

198 810 307 838 como
326 812 373 837 un
395 798 547 850 Aguacil
565 798 609 836 de
621 799 783 847 Moscas,

197 864 268 901 por
285 864 350 891 ver
370 850 536 902 aquellas
556 851 764 899 Madamas,

198 917 271 954 que
293 912 438 952 entran,
461 917 480 954 y
503 904 603 942 salen
632 905 789 943 briosas:

196 970 244 1006 yo
268 970 313 995 no
336 957 459 1007 puedo
482 957 717 1005 remediarlo,

194 1008 229 1048 la
252 1011 471 1049 inclinación
491 1022 549 1048 me
571 1015 769 1059 trastorna,

196 1063 242 1102 de
265 1063 303 1102 lo
320 1063 401 1101 cual
419 1062 504 1112 pido
519 1062 660 1114 perdón

195 1114 216 1152 á
235 1115 380 1167 aquella
397 1115 517 1153 divina
541 1116 699 1165 Aurora,

194 1180 214 1217 y
243 1182 300 1207 me
322 1180 410 1219 pesa
431 1167 465 1206 el
486 1181 533 1205 no
555 1167 704 1206 mirarla

195 1232 265 1258 con
297 1223 328 1260 el
352 1227 499 1269 respeto
522 1233 597 1271 que
616 1227 714 1259 toca.

193 1273 250 1312 Fu
273 1274 319 1312 fin
342 1286 389 1324 yo
411 1271 478 1310 salí
508 1272 683 1320 Señores,

196 1338 266 1364 con
297 1328 329 1366 el
345 1326 476 1378 juicio,
500 1338 608 1365 como
629 1326 723 1373 vola,

199 1379 280 1416 solo
301 1385 433 1430 puesto
453 1379 503 1416 mi
530 1385 682 1425 conato,

196 1443 242 1469 en
266 1434 376 1470 mirar
400 1431 421 1470 á
443 1443 549 1478 unas,
573 1444 594 1482 y
616 1432 636 1469 á
657 1437 770 1469 otras.

194 1484 404 1523 Arrímeme
424 1483 529 1521 hacia
551 1484 603 1522 las
624 1483 765 1522 tiendas

194 1535 378 1576 haciendo
398 1536 432 1575 la
453 1536 712 1583 moscardona,

194 1589 351 1628 muchos
371 1592 617 1640 compañeros
637 1596 762 1639 tengo,

195 1653 270 1691 que
293 1641 414 1681 hacen
434 1640 469 1680 la
491 1641 618 1679 misma
649 1641 840 1680 madroña:

193 1693 335 1734 Vamos
357 1694 378 1733 á
398 1706 462 1733 ver
482 1693 517 1732 la
539 1692 708 1741 Carrera,

192 1760 214 1797 y
234 1759 273 1785 es
294 1747 375 1788 solo
395 1746 417 1785 á
438 1746 550 1785 hacer
567 1750 800 1786 carantoñas:

193 1799 214 1837 á
233 1813 320 1849 una,
344 1800 377 1839 le
399 1800 502 1838 decía
524 1813 572 1837 un
594 1799 718 1847 dicho,

195 1851 218 1890 á
237 1860 316 1891 otra
339 1865 412 1904 que
432 1865 477 1891 va
500 1865 585 1903 muy
605 1865 778 1903 garvosa,

192 1918 214 1957 y
238 1918 310 1957 que
334 1908 362 1944 si
383 1912 515 1958 gustan
540 1906 585 1944 de
599 1905 694 1956 algo,

194 1966 275 1997 esto
296 1972 335 1997 se
352 1960 387 1998 lo
407 1959 484 2011 dije
504 1957 526 1996 á
537 1970 664 2009 pocas,

194 2023 268 2062 que
290 2013 349 2050 iba
372 2013 405 2050 la
428 2012 623 2062 faltiquera

195 2065 241 2102 de
263 2065 392 2103 dinero
413 2078 499 2115 muy
521 2069 690 2115 angosta,

193 2129 216 2167 y
239 2119 267 2155 si
287 2118 421 2169 alguna
444 2129 502 2155 me
522 2117 716 2168 aceptaba,

193 2182 256 2208 me
277 2171 462 2222 quedaba,
487 2181 593 2209 como
615 2183 739 2218 mona,

181 2234 269 2275 ¡que
291 2236 337 2265 no
354 2223 498 2265 llevaba
519 2236 596 2263 mas
617 2230 780 2271 cuartos,

933 335 1006 372 que
1024 322 1080 361 los
1100 328 1242 369 cuarto,
1268 323 1314 360 mi
1334 334 1509 374 persona.

932 375 990 413 Yo
1011 388 1069 413 me
1086 374 1191 413 harté
1211 376 1256 414 de
1279 376 1435 424 bobear,

930 441 953 478 y
976 440 1035 466 me
1055 426 1120 466 salí
1141 440 1207 477 por
1227 428 1262 465 la
1283 428 1455 475 Almona,

930 492 951 531 y
974 480 1080 518 hacia
1102 480 1135 517 el
1155 479 1295 518 Molino
1309 481 1354 518 de
1375 481 1516 520 Martos

931 531 1127 571 encaminé
1148 533 1195 570 mi
1216 545 1387 583 persona,

930 585 964 623 al
985 586 1072 624 salir
1093 597 1162 637 por
1178 586 1212 624 el
1230 585 1370 624 Molino

929 650 988 677 me
998 638 1044 676 he
1056 639 1283 677 encontrado
1294 651 1362 677 con
1375 639 1439 677 dos
1452 637 1586 679 Diosas

929 690 995 728 dos
1019 690 1226 738 Madamas,
1251 692 1297 729 de
1317 691 1492 742 chupete,

929 742 975 781 de
994 743 1142 794 aquello
1164 744 1209 781 de
1230 744 1315 782 toda
1338 745 1460 792 moda,

928 808 949 846 y
968 809 1007 834 se
1029 808 1087 835 me
1106 797 1190 835 iban
1208 797 1262 834 los
1282 797 1363 848 ojos

929 860 997 899 por
1018 849 1153 888 decirle
1169 850 1359 900 cualquier
1379 862 1481 888 cosa:

926 914 995 951 por
1012 900 1075 949 fin,
1095 902 1147 940 les
1168 903 1251 954 dije,
1278 903 1484 950 Madamas,

925 954 952 990 si
968 955 1119 1004 pudiere
1139 957 1186 993 mi
1204 967 1363 1007 persona

924 1008 1084 1046 serviros
1105 1021 1149 1046 en
1171 1009 1279 1059 algún
1305 1007 1416 1046 modo

924 1058 959 1096 lo
981 1058 1071 1099 haré
1095 1072 1163 1099 con
1185 1062 1219 1100 el
1238 1063 1333 1100 alma
1356 1060 1456 1099 toda:

924 1124 984 1150 me
1010 1115 1209 1163 responde,
1231 1113 1440 1160 Caballero,

924 1165 1030 1203 usted
1052 1178 1167 1216 venga
1188 1180 1257 1205 con
1274 1173 1457 1212 nosotras,

924 1228 1068 1268 porque
1090 1232 1155 1256 nos
1177 1220 1280 1258 viene
1301 1218 1492 1269 siguiendo

925 1282 971 1306 un
985 1269 1233 1322 hombre,que
1250 1285 1289 1310 es
1306 1279 1420 1310 nslra.
1433 1271 1600 1312 sombra

922 1334 943 1372 y
966 1324 994 1360 si
1020 1330 1169 1362 vuestro
1198 1325 1317 1376 pecho
1337 1337 1377 1362 es
1397 1323 1509 1363 noble

922 1386 963 1412 se
984 1375 1028 1413 ha
1051 1376 1097 1415 de
1117 1388 1276 1416 conocer
1298 1378 1412 1414 ahora

922 1439 967 1465 en
989 1430 1174 1468 servirnos
1193 1431 1238 1468 de
1258 1431 1455 1480 compaña,

924 1477 1044 1528 hasta,
1068 1495 1140 1532 que
1153 1495 1197 1521 en
1233 1495 1318 1521 casa
1340 1493 1406 1519 nos
1433 1492 1573 1532 pongas

923 1544 971 1580 yo
993 1534 1187 1573 viendome
1206 1548 1251 1573 en
1274 1535 1323 1573 tal
1344 1536 1516 1584 empeño,

923 1583 976 1622 les
997 1587 1170 1638 respondí
1199 1588 1244 1626 de
1265 1595 1341 1625 esta
1364 1590 1496 1624 forma:

923 1635 1085 1677 Señoras
1099 1652 1147 1677 no
1164 1640 1242 1678 solo
1253 1653 1300 1677 un
1319 1639 1488 1685 hombre;

923 1701 1014 1740 pero
1035 1693 1064 1730 si
1084 1699 1260 1731 cuarenta
1278 1693 1393 1731 ahora

922 1742 1102 1792 vinieran,
1126 1757 1173 1783 no
1193 1757 1280 1784 eran
1302 1746 1505 1790 bastantes,

923 1807 1012 1845 para
1034 1810 1169 1836 vencer
1190 1798 1237 1836 mi
1255 1810 1426 1849 persona:

923 1856 1100 1888 entonces
1121 1850 1363 1897 arrebozado,

923 1912 1016 1951 puse
1035 1902 1069 1940 la
1091 1902 1192 1953 Capa
1213 1910 1273 1941 tan
1296 1905 1412 1948 fosca,

924 1953 958 1991 el
979 1954 1106 2003 brazo,
1132 1957 1177 1994 de
1193 1969 1255 1994 asa
1273 1956 1318 1994 de
1338 1956 1511 2002 Cántaro,

921 2006 956 2045 el
978 2008 1110 2059 pecho,
1121 2021 1229 2047 como
1251 2009 1440 2054 unajjota,

921 2058 1090 2098 echando
1112 2062 1171 2099 mil
1193 2063 1422 2112 gargajazos,

920 2126 940 2162 y
965 2125 1042 2151 mas
1067 2116 1199 2161 fuerte,
1224 2128 1295 2165 que
1312 2127 1383 2152 una
1421 2118 1564 2164 estopa;

920 2165 975 2205 las
996 2166 1126 2206 conocí
1152 2180 1198 2219 yo
1219 2169 1253 2206 al
1274 2168 1445 2216 instante,

920 2232 942 2271 y
963 2231 1031 2271 por
1053 2233 1116 2261 eso
1136 2220 1278 2260 echaba
1298 2232 1444 2268 roncas,
