1684 2475
19 193 78 231 sin
92 192 200 234 mirar
220 202 290 243 que
312 196 407 229 estos
427 189 563 240 arrojos

20 246 107 285 Dios
128 246 182 284 los
203 243 339 295 castiga
360 255 504 285 severo,

20 308 42 350 y
63 312 132 351 que
153 297 270 351 puede
295 309 353 335 ser
381 308 451 347 que
472 295 504 333 al
538 295 588 335 fin

22 352 56 390 lo
71 364 186 404 pague
219 362 302 403 para
324 348 562 388 escarmiento

22 418 89 443 con
109 406 326 456 temporales
344 401 515 453 castigos,

23 460 162 496 cuando
178 470 223 496 no
244 468 332 496 sean
347 461 506 496 eternos,

23 510 53 548 Y
74 524 144 549 una
161 509 291 553 noche,
314 521 422 560 cuyas
446 507 609 546 sombras

24 564 206 616 ayudaron
226 576 290 602 sus
309 562 481 610 intentos,

26 623 187 655 lomaron
213 617 266 655 los
283 615 347 653 dos
367 621 530 654 amantes

24 669 107 721 fuga
128 683 172 708 en
192 670 226 709 el
246 668 338 720 vajél
359 668 475 719 lijero,

24 735 95 773 que
114 723 190 761 álas
212 724 247 762 le
266 721 434 773 prestaba
458 721 492 758 el
520 719 594 758 aire

26 788 72 814 en
94 776 126 814 el
148 789 225 814 mar
245 776 288 814 de
308 787 369 813 sus
391 775 538 812 deseos:

25 828 106 868 cual
131 835 210 867 otro
230 827 329 866 Paris
349 826 464 880 Troya
470 839 529 870 no,

25 895 97 932 que
117 884 136 920 á
155 882 267 920 Elena
284 880 370 918 robó
387 880 445 918 del
467 880 615 931 Griego.

27 935 103 973 Mas
119 947 164 972 en
187 933 303 973 medio
320 933 364 971 de
385 938 462 971 este
483 945 584 984 gozo,

27 988 72 1026 de
89 988 120 1027 la
140 987 255 1026 noche
276 999 320 1024 en
337 986 370 1024 el
395 986 534 1030 sileció,

28 1054 70 1079 se
94 1041 236 1079 levantó
258 1053 327 1078 una
348 1045 528 1078 tormenta

29 1107 73 1131 en
95 1094 200 1144 aquel
221 1093 316 1145 golfo
337 1092 506 1131 soberbio

29 1160 99 1197 que
121 1147 172 1184 las
192 1147 267 1185 olas
287 1146 331 1184 de
353 1145 521 1197 Nepluno

29 1200 98 1238 dan
118 1212 184 1237 con
205 1200 237 1238 la
260 1211 350 1237 nave
367 1212 412 1237 en
432 1198 465 1235 el
486 1198 592 1243 cielo;

29 1265 166 1304 porque
191 1251 362 1304 enojadas
384 1252 436 1290 las
458 1252 570 1291 ondas

31 1319 74 1356 ya
92 1305 258 1356 bajando,
286 1318 326 1356 ya
343 1304 534 1348 subiendo,

30 1359 62 1396 al
79 1358 225 1397 azotado
242 1358 332 1407 vajcl

31 1411 348 1450 descuadernaban
371 1410 422 1449 los
444 1409 558 1455 leños,

31 1476 52 1515 y
73 1464 268 1503 bramando
293 1464 325 1502 el
348 1477 424 1502 mar
453 1463 588 1503 furioso

30 1516 83 1556 les
104 1517 207 1569 quiso
227 1517 290 1556 dar
309 1523 545 1556 monumento

31 1583 75 1608 en
96 1583 158 1609 sus
179 1570 383 1621 quebrados
400 1569 565 1609 cristales

31 1636 132 1661 como
162 1627 181 1661 á
202 1623 365 1662 Leandro
387 1636 407 1674 y
429 1625 446 1660 á
475 1623 559 1661 Ero.

0 1676 160 1715 Mlízose
181 1677 214 1715 el
236 1676 327 1727 vajél
350 1675 505 1727 pedazos

29 1731 48 1767 á
69 1729 103 1767 la
122 1729 213 1768 furia
233 1729 279 1768 do
294 1729 349 1768 los
365 1729 518 1772 vientos,

30 1795 52 1834 y
71 1785 90 1820 á
107 1781 139 1820 la
155 1783 274 1821 fuerza
292 1782 335 1821 de
352 1782 405 1820 las
420 1781 496 1820 olas

33 1833 66 1873 el
83 1848 159 1873 mar
179 1837 268 1874 salió
289 1834 333 1873 de
355 1848 397 1873 su
418 1840 557 1874 centro.

32 1887 259 1927 Fluctuando
279 1894 380 1926 entre
400 1888 453 1926 las
475 1900 598 1939 aguas,

36 1940 154 1980 asidos
182 1945 201 1980 á
217 1955 265 1980 un
284 1941 388 1992 frágil
412 1941 508 1983 leño,

35 1994 141 2033 sobre
162 1995 195 2033 la
215 1995 251 2035 fé
270 1994 315 2032 de
334 2007 404 2032 una
426 1993 519 2032 tabla

35 2047 91 2086 los
108 2048 173 2086 dos
194 2053 356 2087 amantes
376 2046 545 2088 salieron,

39 2100 83 2139 de
104 2101 267 2153 milagro,
292 2103 311 2139 á
330 2101 384 2139 las
404 2099 524 2139 orillas

39 2153 84 2193 de
102 2154 277 2193 dominios
294 2160 538 2205 estrangeros,

40 2219 143 2248 como
164 2213 373 2250 monstruos
392 2207 439 2247 de
457 2206 613 2248 fortuna,

709 139 730 175 3

746 199 837 238 pues
854 186 898 226 de
920 185 1064 224 furtuna
1085 181 1260 221 vivieron.

746 239 864 278 Besan
883 240 918 279 la
938 237 1079 288 mojada
1099 248 1223 279 arena,

747 292 864 331 donde
899 291 958 331 allí
980 291 1034 329 los
1056 289 1119 328 dos
1140 301 1178 327 se
1199 288 1338 331 vieron;

746 346 816 385 ella
837 344 992 384 Nereida
1009 343 1066 381 del
1089 354 1194 393 agua,

745 399 778 438 él
792 398 918 437 Tritón
937 397 995 435 del
1016 408 1094 435 mar
1107 394 1289 434 soberbio.

748 451 913 503 Después
935 450 979 489 de
1001 454 1150 501 aquesta
1171 446 1331 499 tragedia

749 504 905 543 dándole
924 503 1063 554 gracias
1083 501 1115 541 al
1138 500 1244 543 cielo,

749 559 794 596 de
814 557 986 597 haberles
1007 556 1052 594 de
1069 554 1140 593 ella
1161 552 1313 593 librado,

749 610 869 662 llegan
885 623 951 649 con
968 615 1074 660 gusto
1090 621 1112 659 y
1128 612 1295 645 contento

751 666 770 702 á
789 663 949 715 Nápoles
971 663 1004 701 la
1021 662 1174 704 famosa;

752 716 870 755 donde
885 728 926 755 se
941 726 1090 754 casaron
1115 713 1237 764 luogo,

750 783 772 822 y
794 769 838 808 de
862 769 1029 808 himenéo
1051 779 1205 819 gozaron

753 823 786 861 el
807 823 906 874 logro
928 822 972 861 de
993 834 1056 860 sus
1078 820 1218 859 deseos.

753 876 806 914 De
826 883 905 915 este
925 873 1155 913 matrimonio

752 929 916 967 tuvieron
937 941 984 966 un
1004 927 1076 978 hijo
1098 925 1193 963 bello

754 984 771 1020 á
790 982 899 1033 quien
921 981 1041 1020 Julián
1067 980 1101 1018 le
1122 978 1297 1017 llamaron

755 1047 799 1073 en
821 1035 853 1073 el
876 1034 1057 1073 bautismo
1077 1044 1263 1082 supremo.

757 1087 940 1126 Criáronle
961 1091 1191 1126 santamente

756 1154 822 1179 con
842 1140 1039 1179 educación
1073 1152 1094 1191 y
1115 1136 1294 1188 egemplo.

755 1193 870 1244 Llegó
891 1197 910 1232 á
929 1192 1021 1231 edad
1038 1192 1081 1230 do
1103 1190 1231 1241 quince
1255 1196 1356 1230 años,

756 1246 872 1285 dando
895 1249 914 1284 á
935 1245 1113 1284 entender
1132 1243 1166 1281 el
1187 1242 1363 1282 mancebo

756 1312 801 1339 en
822 1300 856 1338 la
877 1298 983 1338 lucha
999 1312 1021 1351 y
1040 1311 1085 1337 en
1108 1297 1139 1335 la
1161 1309 1244 1335 caza

757 1353 790 1391 el
813 1353 910 1391 valor
929 1365 951 1403 y
970 1352 1003 1390 el
1028 1349 1255 1389 ardimiento.

758 1404 928 1444 Saliendo
949 1408 968 1443 á
984 1417 1086 1443 cazar
1107 1416 1155 1441 un
1176 1402 1232 1440 dia

757 1471 822 1511 por
842 1471 931 1497 unos
954 1466 1095 1496 montes
1116 1466 1280 1507 espesos,

757 1524 802 1551 en
824 1512 943 1550 medio
960 1511 1005 1549 de
1026 1522 1096 1549 una
1116 1514 1297 1551 montaña,

758 1571 926 1604 contento
946 1564 1061 1602 divisó
1079 1575 1128 1601 un
1148 1561 1291 1604 Ciervo,

759 1630 828 1669 que
844 1619 947 1656 veloz
966 1617 1000 1655 le
1020 1614 1216 1667 penetraba

760 1674 778 1709 á
790 1670 1038 1722 competencia
1056 1668 1115 1707 del
1136 1667 1269 1705 viento:

760 1725 900 1776 síguele
916 1736 982 1763 con
1006 1723 1040 1761 la
1056 1727 1237 1772 escopeta,

761 1777 936 1816 haciendo
962 1789 1006 1814 en
1037 1774 1188 1814 matcrle
1212 1778 1380 1823 empeñó,

759 1830 890 1882 huyele
924 1829 957 1868 el
975 1828 1102 1867 Ciervo
1122 1827 1286 1867 acosado,

759 1897 780 1937 y
798 1884 831 1922 el
855 1883 968 1934 joven
1001 1882 1036 1920 lo
1054 1881 1113 1919 iba
1138 1877 1340 1930 siguiendo,

757 1936 942 1989 porfiando
968 1948 1013 1973 en
1034 1934 1066 1973 el
1084 1933 1228 1972 alcance

759 2003 843 2042 para
864 1988 1014 2027 matarle
1037 1988 1068 2025 al
1087 1992 1283 2025 momento.

763 2043 853 2082 Pero
873 2041 1044 2080 viéndose
1059 2039 1232 2091 apretado

762 2096 795 2135 el
816 2096 920 2134 bruto
941 2096 1136 2135 montaráz,
1160 2092 1265 2143 luego

764 2151 851 2201 paró
873 2162 916 2187 su
933 2143 1035 2186 veíóz
1059 2158 1217 2188 carrera,

768 2215 808 2241 se
828 2203 960 2241 encaró
980 2213 1048 2239 con
1063 2199 1097 2238 el
1115 2196 1304 2239 mancebo,
