1737 2508
1151 226 1390 264 Número 146.
502 1148 1138 1184 DÉCIMAS
302 1229 1339 1267 EN TROVOS MODERNOS Y DIVERTIDOS.
535 1363 1024 1396 A Dios madre de mi vida,
494 1408 996 1441 tronco de todas mis ramas,
499 1450 931 1482 ya se vá el hijo querido
500 1493 910 1527 nacido de tus entrañas.
167 1551 591 1585 Ya me despído, señora,
123 1595 541 1628 madre de mi corazon,
127 1638 504 1671 écheme la bendicion
121 1682 590 1715 que ya es llegada la hora;
123 1725 559 1758 tan solo mi pecho llora
127 1771 606 1802 la ausencia de mi partida,
122 1813 588 1845 á Dios hermana querida,
128 1857 566 1890 no llores ni pases penas
125 1900 590 1934 que voy á tierras agenas,
128 1944 584 1976 à Dios madre de mi vida,
164 1988 684 2020 Hermano , por Dios te pido
128 2031 640 2065 consueles á nuestra madre,
128 2074 606 2108 quedas en lugar de padre,
132 2119 596 2150 le darás gusto cumplido:
128 2161 578 2194 mientras yo tan afligido,
124 2206 662 2238 me veo en tan triste calma,
129 2250 608 2282 á Dios hermanos del alma
128 2294 504 2326 repite mi triste voz;
138 2336 555 2370 madre, encomiendeme á Dios
130 2382 630 2416 trenco de todas mis ramas,
891 1548 1375 1582 Siento salir de mi pueblo;
849 1593 1328 1625 pero el dejarle es forzoso,
857 1636 1270 1669 ya se acabó mi reposo
851 1681 1306 1712 y á padecer desde luego;
851 1721 1243 1755 así, señores les ruego
854 1765 1386 1799 á todo el que haya ofendido.
860 1808 1317 1843 mil veces perdon le pido
847 1853 1353 1887 al verme en tanta afliccion,
862 1898 1278 1930 madre de mi corazon,
851 1940 1290 1973 ya se vá el hijo querido
899 1984 1333 2017 Por ùltimo, me despido
856 2027 1452 2061 de hermanos, primos, parientes
854 2072 1350 2104 de amigos y demas gentes.
855 2113 1316 2148 y de un amante querido;
858 2159 1312 2192 á Dios digo enternecido,
865 2204 1321 2236 que voy á tierras estrañas
859 2246 1312 2279 a padecer en campañas,
858 2290 1326 2323 mas no por eso me aflijo:
863 2333 1338 2367 madre, no olvideis al hijo
864 2379 1281 2411 nacido de tus entrañas.
