<?xml version="1.0" encoding="UTF-8" standalone="yes"?>
<PcGts xmlns="http://schema.primaresearch.org/PAGE/gts/pagecontent/2013-07-15" xmlns:xsi="http://www.w3.org/2001/XMLSchema-instance" xsi:schemaLocation="http://schema.primaresearch.org/PAGE/gts/pagecontent/2013-07-15 http://schema.primaresearch.org/PAGE/gts/pagecontent/2013-07-15/pagecontent.xsd">
    <Metadata>
        <Creator>prov=University of Rostock/Institute of Mathematics/CITlab|PLANET AI GmbH/Tobias Gruening/tobias.gruening@planet-ai.de:name=/net_tf/LA73_249_0mod360.pb:de.uros.citlab.segmentation.CITlab_LA_ML:v=2.6.6
Transkribus</Creator>
        <Created>2020-10-01T10:30:12.174+02:00</Created>
        <LastChange>2020-10-14T14:45:16.778+02:00</LastChange>
        <TranskribusMetadata docId="499787" pageId="20731973" pageNr="3" tsid="45044415" status="GT" userId="66244" imgUrl="https://files.transkribus.eu/Get?id=BMBUVBPSLRYDSZFFNPHJCINI&amp;fileType=view" xmlUrl="https://files.transkribus.eu/Get?id=CPXWDZIBJWIBEOASWTYOPAVG" imageId="15879523"/>
    </Metadata>
    <Page imageFilename="0003_Moreno_023_3.jpg" imageWidth="1737" imageHeight="2508">
        <ReadingOrder>
            <OrderedGroup id="ro_1646649187785" caption="Regions reading order">
                <RegionRefIndexed index="0" regionRef="r2"/>
                <RegionRefIndexed index="1" regionRef="r1"/>
                <RegionRefIndexed index="2" regionRef="r3"/>
            </OrderedGroup>
        </ReadingOrder>
        <TextRegion orientation="0.0" id="r2" custom="readingOrder {index:0;}">
            <Coords points="850,116 850,266 880,266 880,116"/>
            <TextLine id="r2l1" custom="readingOrder {index:0;}">
                <Coords points="850,266 880,266 880,116 850,116"/>
                <Baseline points="850,216 880,216"/>
                <TextEquiv>
                    <Unicode>3</Unicode>
                </TextEquiv>
            </TextLine>
            <TextEquiv>
                <Unicode>3</Unicode>
            </TextEquiv>
        </TextRegion>
        <TextRegion orientation="0.0" id="r1" custom="readingOrder {index:1;}">
            <Coords points="165,246 165,2272 800,2272 800,246"/>
            <TextLine id="r1l1" custom="readingOrder {index:0;}">
                <Coords points="171,280 196,280 222,280 248,280 274,280 300,280 326,280 352,280 378,280 404,280 430,280 456,280 482,280 508,280 534,280 560,281 586,281 612,282 612,248 586,247 560,247 534,246 508,246 482,246 456,246 430,246 404,246 378,246 352,246 326,246 300,246 274,246 248,246 222,246 196,246 171,246"/>
                <Baseline points="171,269 196,269 222,269 248,269 274,269 300,269 326,269 352,269 378,269 404,269 430,269 456,269 482,269 508,269 534,269 560,270 586,270 612,271"/>
                <TextEquiv>
                    <Unicode>aquella fina tumbaga.</Unicode>
                </TextEquiv>
            </TextLine>
            <TextLine id="r1l2" custom="readingOrder {index:1;}">
                <Coords points="165,327 190,327 215,328 241,328 266,328 291,328 317,328 342,328 367,328 393,328 418,328 443,328 469,328 494,328 519,329 545,329 570,329 596,330 596,297 570,296 545,296 519,296 494,295 469,295 443,295 418,295 393,295 367,295 342,295 317,295 291,295 266,295 241,295 215,295 190,294 165,294"/>
                <Baseline points="165,316 190,316 215,317 241,317 266,317 291,317 317,317 342,317 367,317 393,317 418,317 443,317 469,317 494,317 519,318 545,318 570,318 596,319"/>
                <TextEquiv>
                    <Unicode>El platero que la vió,</Unicode>
                </TextEquiv>
            </TextLine>
            <TextLine id="r1l3" custom="readingOrder {index:2;}">
                <Coords points="168,376 196,377 225,377 254,377 282,378 311,378 340,378 368,377 397,377 426,377 455,377 483,377 512,376 541,376 569,376 598,376 627,376 655,376 684,377 713,377 742,378 742,344 713,343 684,343 655,342 627,342 598,342 569,342 541,342 512,342 483,343 455,343 426,343 397,343 368,343 340,344 311,344 282,344 254,343 225,343 196,343 168,342"/>
                <Baseline points="168,365 196,366 225,366 254,366 282,367 311,367 340,367 368,366 397,366 426,366 455,366 483,366 512,365 541,365 569,365 598,365 627,365 655,365 684,366 713,366 742,367"/>
                <TextEquiv>
                    <Unicode>le responde estas palabras:</Unicode>
                </TextEquiv>
            </TextLine>
            <TextLine id="r1l4" custom="readingOrder {index:3;}">
                <Coords points="168,425 197,425 227,425 257,425 287,426 317,426 346,426 376,426 406,426 436,426 466,426 495,426 525,426 555,426 585,426 615,426 644,426 674,426 704,426 734,427 764,427 764,393 734,393 704,392 674,392 644,392 615,392 585,392 555,392 525,392 495,392 466,392 436,392 406,392 376,392 346,392 317,392 287,392 257,391 227,391 197,391 168,391"/>
                <Baseline points="168,414 197,414 227,414 257,414 287,415 317,415 346,415 376,415 406,415 436,415 466,415 495,415 525,415 555,415 585,415 615,415 644,415 674,415 704,415 734,416 764,416"/>
                <TextEquiv>
                    <Unicode>Señor príncipe, ¿qué es esto?</Unicode>
                </TextEquiv>
            </TextLine>
            <TextLine id="r1l5" custom="readingOrder {index:4;}">
                <Coords points="173,473 199,474 225,474 252,474 278,474 304,474 331,474 357,473 383,473 410,473 436,473 462,473 489,474 515,474 541,474 568,474 594,475 621,475 621,441 594,441 568,440 541,440 515,440 489,440 462,439 436,439 410,439 383,439 357,439 331,440 304,440 278,440 252,440 225,440 199,440 173,439"/>
                <Baseline points="173,462 199,463 225,463 252,463 278,463 304,463 331,463 357,462 383,462 410,462 436,462 462,462 489,463 515,463 541,463 568,463 594,464 621,464"/>
                <TextEquiv>
                    <Unicode>este anillo lo declara</Unicode>
                </TextEquiv>
            </TextLine>
            <TextLine id="r1l6" custom="readingOrder {index:5;}">
                <Coords points="173,522 198,522 223,523 248,523 273,523 299,523 324,523 349,523 374,523 400,523 425,523 450,522 475,522 500,522 526,522 551,522 576,522 601,523 627,523 627,489 601,489 576,488 551,488 526,488 500,488 475,488 450,488 425,489 400,489 374,489 349,489 324,489 299,489 273,489 248,489 223,489 198,488 173,488"/>
                <Baseline points="173,511 198,511 223,512 248,512 273,512 299,512 324,512 349,512 374,512 400,512 425,512 450,511 475,511 500,511 526,511 551,511 576,511 601,512 627,512"/>
                <TextEquiv>
                    <Unicode>que sois persona real;</Unicode>
                </TextEquiv>
            </TextLine>
            <TextLine id="r1l7" custom="readingOrder {index:6;}">
                <Coords points="172,570 197,570 223,570 249,570 275,570 300,571 326,571 352,571 378,571 403,571 429,571 455,571 481,571 506,571 532,572 558,572 584,572 609,572 635,572 661,572 687,573 687,540 661,539 635,539 609,539 584,539 558,539 532,539 506,538 481,538 455,538 429,538 403,538 378,538 352,538 326,538 300,538 275,537 249,537 223,537 197,537 172,537"/>
                <Baseline points="172,559 197,559 223,559 249,559 275,559 300,560 326,560 352,560 378,560 403,560 429,560 455,560 481,560 506,560 532,561 558,561 584,561 609,561 635,561 661,561 687,562"/>
                <TextEquiv>
                    <Unicode>su Alteza no niegue nada. </Unicode>
                </TextEquiv>
            </TextLine>
            <TextLine id="r1l8" custom="readingOrder {index:7;}">
                <Coords points="172,618 198,618 224,619 250,619 276,619 302,619 328,619 354,619 380,619 406,618 433,618 459,618 485,618 511,618 537,618 563,618 589,618 615,618 641,618 667,618 694,618 694,584 667,584 641,584 615,584 589,584 563,584 537,584 511,584 485,584 459,584 433,584 406,584 380,585 354,585 328,585 302,585 276,585 250,585 224,585 198,584 172,584"/>
                <Baseline points="172,607 198,607 224,608 250,608 276,608 302,608 328,608 354,608 380,608 406,607 433,607 459,607 485,607 511,607 537,607 563,607 589,607 615,607 641,607 667,607 694,607"/>
                <TextEquiv>
                    <Unicode>Don Juan reparóse y dijo: </Unicode>
                </TextEquiv>
            </TextLine>
            <TextLine id="r1l9" custom="readingOrder {index:8;}">
                <Coords points="168,666 197,667 227,667 257,667 286,667 316,667 346,667 375,667 405,667 435,667 465,666 494,666 524,666 554,667 583,667 613,667 643,668 672,668 702,669 732,670 762,672 762,638 732,636 702,635 672,634 643,634 613,633 583,633 554,633 524,632 494,632 465,632 435,633 405,633 375,633 346,633 316,633 286,633 257,633 227,633 197,633 168,632"/>
                <Baseline points="168,655 197,656 227,656 257,656 286,656 316,656 346,656 375,656 405,656 435,656 465,655 494,655 524,655 554,656 583,656 613,656 643,657 672,657 702,658 732,659 762,661"/>
                <TextEquiv>
                    <Unicode>Soy hijo del rey de España,</Unicode>
                </TextEquiv>
            </TextLine>
            <TextLine id="r1l10" custom="readingOrder {index:9;}">
                <Coords points="175,717 200,717 226,716 252,716 278,716 304,716 330,716 356,716 382,716 408,716 434,715 459,715 485,715 511,715 537,715 563,716 589,716 615,716 641,717 667,717 693,718 693,684 667,683 641,683 615,682 589,682 563,682 537,681 511,681 485,681 459,681 434,681 408,682 382,682 356,682 330,682 304,682 278,682 252,682 226,682 200,683 175,683"/>
                <Baseline points="175,706 200,706 226,705 252,705 278,705 304,705 330,705 356,705 382,705 408,705 434,704 459,704 485,704 511,704 537,704 563,705 589,705 615,705 641,706 667,706 693,707"/>
                <TextEquiv>
                    <Unicode>el grande Felipe cuarto.-</Unicode>
                </TextEquiv>
            </TextLine>
            <TextLine id="r1l11" custom="readingOrder {index:10;}">
                <Coords points="171,765 196,765 222,765 248,765 274,765 300,765 326,764 351,764 377,764 403,764 429,764 455,764 481,764 507,764 532,764 558,764 584,765 610,765 636,765 662,766 688,767 688,733 662,732 636,731 610,731 584,731 558,730 532,730 507,730 481,730 455,730 429,730 403,730 377,730 351,730 326,730 300,731 274,731 248,731 222,731 196,731 171,731"/>
                <Baseline points="171,754 196,754 222,754 248,754 274,754 300,754 326,753 351,753 377,753 403,753 429,753 455,753 481,753 507,753 532,753 558,753 584,754 610,754 636,754 662,755 688,756"/>
                <TextEquiv>
                    <Unicode>por defender á una dama,</Unicode>
                </TextEquiv>
            </TextLine>
            <TextLine id="r1l12" custom="readingOrder {index:11;}">
                <Coords points="168,812 194,812 221,813 248,813 274,813 301,813 328,813 354,813 381,813 408,813 435,812 461,812 488,812 515,812 541,812 568,812 595,812 621,813 648,813 675,813 702,814 702,780 675,779 648,779 621,779 595,778 568,778 541,778 515,778 488,778 461,778 435,778 408,779 381,779 354,779 328,779 301,779 274,779 248,779 221,779 194,778 168,778"/>
                <Baseline points="168,801 194,801 221,802 248,802 274,802 301,802 328,802 354,802 381,802 408,802 435,801 461,801 488,801 515,801 541,801 568,801 595,801 621,802 648,802 675,802 702,803"/>
                <TextEquiv>
                    <Unicode>le dí la muerte sangrienta</Unicode>
                </TextEquiv>
            </TextLine>
            <TextLine id="line_1601541824704_1997" custom="readingOrder {index:12;}">
                <Coords points="173,810 799,814 799,864 173,860"/>
                <Baseline points="173,855 799,859"/>
                <TextEquiv>
                    <Unicode>á un hijo del Duque de Alba,</Unicode>
                </TextEquiv>
            </TextLine>
            <TextLine id="r1l15" custom="readingOrder {index:13;}">
                <Coords points="178,911 203,911 228,911 253,910 278,910 303,910 328,910 353,910 378,910 403,910 429,910 454,910 479,910 504,910 529,910 554,910 579,910 604,910 629,909 654,909 680,909 680,875 654,875 629,875 604,876 579,876 554,876 529,876 504,876 479,876 454,876 429,876 403,876 378,876 353,876 328,876 303,876 278,876 253,876 228,877 203,877 178,877"/>
                <Baseline points="178,900 203,900 228,900 253,899 278,899 303,899 328,899 353,899 378,899 403,899 429,899 454,899 479,899 504,899 529,899 554,899 579,899 604,899 629,898 654,898 680,898"/>
                <TextEquiv>
                    <Unicode>y temiendo de mi padre</Unicode>
                </TextEquiv>
            </TextLine>
            <TextLine id="r1l16" custom="readingOrder {index:14;}">
                <Coords points="172,960 199,959 227,959 254,959 282,958 309,958 337,958 364,958 392,958 419,958 447,958 474,958 502,958 529,958 557,959 584,959 612,959 639,960 667,960 694,961 722,961 722,927 694,927 667,926 639,926 612,925 584,925 557,925 529,924 502,924 474,924 447,924 419,924 392,924 364,924 337,924 309,924 282,924 254,925 227,925 199,925 172,926"/>
                <Baseline points="172,949 199,948 227,948 254,948 282,947 309,947 337,947 364,947 392,947 419,947 447,947 474,947 502,947 529,947 557,948 584,948 612,948 639,949 667,949 694,950 722,950"/>
                <TextEquiv>
                    <Unicode>el castigo que me aguarda,</Unicode>
                </TextEquiv>
            </TextLine>
            <TextLine id="r1l17" custom="readingOrder {index:15;}">
                <Coords points="176,1006 202,1006 229,1007 256,1007 283,1007 310,1006 336,1006 363,1006 390,1006 417,1006 444,1006 470,1006 497,1006 524,1006 551,1006 578,1006 604,1006 631,1007 658,1007 685,1007 712,1008 712,975 685,974 658,974 631,974 604,973 578,973 551,973 524,973 497,973 470,973 444,973 417,973 390,973 363,973 336,973 310,973 283,974 256,974 229,974 202,973 176,973"/>
                <Baseline points="176,995 202,995 229,996 256,996 283,996 310,995 336,995 363,995 390,995 417,995 444,995 470,995 497,995 524,995 551,995 578,995 604,995 631,996 658,996 685,996 712,997"/>
                <TextEquiv>
                    <Unicode>hasta verlo mas templado</Unicode>
                </TextEquiv>
            </TextLine>
            <TextLine id="r1l18" custom="readingOrder {index:16;}">
                <Coords points="171,1055 201,1055 231,1055 262,1054 292,1054 323,1054 353,1054 384,1054 414,1054 445,1055 475,1055 506,1055 536,1055 567,1055 597,1055 628,1056 658,1056 689,1057 719,1058 750,1058 750,1024 719,1024 689,1023 658,1022 628,1022 597,1021 567,1021 536,1021 506,1021 475,1021 445,1021 414,1020 384,1020 353,1020 323,1020 292,1020 262,1020 231,1021 201,1021 171,1021"/>
                <Baseline points="171,1044 201,1044 231,1044 262,1043 292,1043 323,1043 353,1043 384,1043 414,1043 445,1044 475,1044 506,1044 536,1044 567,1044 597,1044 628,1045 658,1045 689,1046 719,1047 750,1047"/>
                <TextEquiv>
                    <Unicode>es fuerza que ausencia haga.</Unicode>
                </TextEquiv>
            </TextLine>
            <TextLine id="r1l19" custom="readingOrder {index:17;}">
                <Coords points="171,1103 196,1103 221,1103 246,1103 272,1102 297,1102 322,1102 348,1102 373,1102 398,1102 424,1103 449,1103 474,1103 500,1103 525,1104 550,1104 576,1105 576,1071 550,1070 525,1070 500,1069 474,1069 449,1069 424,1069 398,1068 373,1068 348,1068 322,1068 297,1068 272,1068 246,1069 221,1069 196,1069 171,1069"/>
                <Baseline points="171,1092 196,1092 221,1092 246,1092 272,1091 297,1091 322,1091 348,1091 373,1091 398,1091 424,1092 449,1092 474,1092 500,1092 525,1093 550,1093 576,1094"/>
                <TextEquiv>
                    <Unicode>De la Córte me salí</Unicode>
                </TextEquiv>
            </TextLine>
            <TextLine id="r1l20" custom="readingOrder {index:18;}">
                <Coords points="176,1152 201,1151 226,1151 252,1151 277,1151 303,1151 328,1151 354,1151 379,1151 405,1151 430,1151 455,1151 481,1151 506,1151 532,1152 557,1152 583,1153 608,1154 634,1154 659,1156 685,1157 685,1123 659,1122 634,1120 608,1120 583,1119 557,1118 532,1118 506,1117 481,1117 455,1117 430,1117 405,1117 379,1117 354,1117 328,1117 303,1117 277,1117 252,1117 226,1117 201,1117 176,1118"/>
                <Baseline points="176,1141 201,1140 226,1140 252,1140 277,1140 303,1140 328,1140 354,1140 379,1140 405,1140 430,1140 455,1140 481,1140 506,1140 532,1141 557,1141 583,1142 608,1143 634,1143 659,1145 685,1146"/>
                <TextEquiv>
                    <Unicode>sin que nadie sepa nada,</Unicode>
                </TextEquiv>
            </TextLine>
            <TextLine id="r1l21" custom="readingOrder {index:19;}">
                <Coords points="175,1198 201,1199 227,1200 253,1200 279,1200 305,1200 331,1201 357,1201 383,1201 410,1201 436,1200 462,1201 488,1201 514,1201 540,1201 566,1202 592,1202 619,1203 619,1169 592,1168 566,1168 540,1167 514,1167 488,1167 462,1167 436,1166 410,1167 383,1167 357,1167 331,1167 305,1166 279,1166 253,1166 227,1166 201,1165 175,1164"/>
                <Baseline points="175,1187 201,1188 227,1189 253,1189 279,1189 305,1189 331,1190 357,1190 383,1190 410,1190 436,1189 462,1190 488,1190 514,1190 540,1190 566,1191 592,1191 619,1192"/>
                <TextEquiv>
                    <Unicode>y así si tú determinas</Unicode>
                </TextEquiv>
            </TextLine>
            <TextLine id="r1l22" custom="readingOrder {index:20;}">
                <Coords points="175,1249 200,1248 225,1247 250,1247 275,1247 300,1247 325,1247 350,1248 375,1248 400,1248 426,1249 451,1249 476,1250 501,1250 526,1250 551,1251 576,1251 601,1251 626,1251 652,1251 652,1217 626,1217 601,1217 576,1217 551,1217 526,1216 501,1216 476,1216 451,1215 426,1215 400,1214 375,1214 350,1214 325,1213 300,1213 275,1213 250,1213 225,1213 200,1214 175,1215"/>
                <Baseline points="175,1238 200,1237 225,1236 250,1236 275,1236 300,1236 325,1236 350,1237 375,1237 400,1237 426,1238 451,1238 476,1239 501,1239 526,1239 551,1240 576,1240 601,1240 626,1240 652,1240"/>
                <TextEquiv>
                    <Unicode>el que se vea ensalzada</Unicode>
                </TextEquiv>
            </TextLine>
            <TextLine id="r1l23" custom="readingOrder {index:21;}">
                <Coords points="176,1296 202,1297 228,1297 255,1297 281,1297 307,1297 334,1297 360,1297 386,1297 413,1297 439,1297 465,1297 492,1297 518,1297 544,1298 571,1298 597,1299 623,1300 650,1301 676,1302 703,1303 703,1269 676,1268 650,1267 623,1266 597,1265 571,1264 544,1264 518,1263 492,1263 465,1263 439,1263 413,1263 386,1263 360,1263 334,1263 307,1263 281,1263 255,1263 228,1263 202,1263 176,1262"/>
                <Baseline points="176,1285 202,1286 228,1286 255,1286 281,1286 307,1286 334,1286 360,1286 386,1286 413,1286 439,1286 465,1286 492,1286 518,1286 544,1287 571,1287 597,1288 623,1289 650,1290 676,1291 703,1292"/>
                <TextEquiv>
                    <Unicode>tu casa, haciéndote noble,</Unicode>
                </TextEquiv>
            </TextLine>
            <TextLine id="r1l24" custom="readingOrder {index:22;}">
                <Coords points="178,1344 204,1345 230,1345 256,1345 282,1344 308,1344 334,1344 360,1344 386,1345 413,1345 439,1345 465,1345 491,1346 517,1346 543,1347 569,1347 595,1348 622,1349 622,1315 595,1314 569,1313 543,1313 517,1312 491,1312 465,1311 439,1311 413,1311 386,1311 360,1310 334,1310 308,1310 282,1310 256,1311 230,1311 204,1311 178,1310"/>
                <Baseline points="178,1333 204,1334 230,1334 256,1334 282,1333 308,1333 334,1333 360,1333 386,1334 413,1334 439,1334 465,1334 491,1335 517,1335 543,1336 569,1336 595,1337 622,1338"/>
                <TextEquiv>
                    <Unicode>sobre esta real alhaja,</Unicode>
                </TextEquiv>
            </TextLine>
            <TextLine id="r1l25" custom="readingOrder {index:23;}">
                <Coords points="187,1393 214,1393 241,1393 269,1393 296,1393 324,1393 351,1393 378,1393 406,1394 433,1394 461,1394 488,1394 515,1395 543,1395 570,1395 598,1396 625,1396 652,1396 680,1396 707,1396 735,1397 735,1363 707,1362 680,1362 652,1362 625,1362 598,1362 570,1361 543,1361 515,1361 488,1360 461,1360 433,1360 406,1360 378,1359 351,1359 324,1359 296,1359 269,1359 241,1359 214,1359 187,1359"/>
                <Baseline points="187,1382 214,1382 241,1382 269,1382 296,1382 324,1382 351,1382 378,1382 406,1383 433,1383 461,1383 488,1383 515,1384 543,1384 570,1384 598,1385 625,1385 652,1385 680,1385 707,1385 735,1386"/>
                <TextEquiv>
                    <Unicode>para mi adorno y decencia</Unicode>
                </TextEquiv>
            </TextLine>
            <TextLine id="r1l26" custom="readingOrder {index:24;}">
                <Coords points="184,1441 210,1442 236,1442 263,1442 289,1442 315,1442 342,1442 368,1442 394,1442 421,1442 447,1442 473,1442 500,1442 526,1443 552,1443 579,1444 605,1445 631,1446 658,1448 658,1414 631,1412 605,1411 579,1410 552,1409 526,1409 500,1408 473,1408 447,1408 421,1408 394,1408 368,1408 342,1408 315,1408 289,1408 263,1408 236,1408 210,1408 184,1407"/>
                <Baseline points="184,1430 210,1431 236,1431 263,1431 289,1431 315,1431 342,1431 368,1431 394,1431 421,1431 447,1431 473,1431 500,1431 526,1432 552,1432 579,1433 605,1434 631,1435 658,1437"/>
                <TextEquiv>
                    <Unicode>dame monedas y galas,</Unicode>
                </TextEquiv>
            </TextLine>
            <TextLine id="r1l27" custom="readingOrder {index:25;}">
                <Coords points="183,1491 208,1490 234,1490 259,1490 285,1490 311,1490 336,1490 362,1491 388,1491 413,1491 439,1492 465,1492 490,1492 516,1493 542,1493 567,1493 593,1494 619,1494 644,1494 670,1494 696,1494 696,1460 670,1460 644,1460 619,1460 593,1460 567,1459 542,1459 516,1459 490,1458 465,1458 439,1458 413,1457 388,1457 362,1457 336,1456 311,1456 285,1456 259,1456 234,1456 208,1456 183,1457"/>
                <Baseline points="183,1480 208,1479 234,1479 259,1479 285,1479 311,1479 336,1479 362,1480 388,1480 413,1480 439,1481 465,1481 490,1481 516,1482 542,1482 567,1482 593,1483 619,1483 644,1483 670,1483 696,1483"/>
                <TextEquiv>
                    <Unicode>que si te portas conmigo,</Unicode>
                </TextEquiv>
            </TextLine>
            <TextLine id="r1l28" custom="readingOrder {index:26;}">
                <Coords points="181,1538 207,1538 233,1537 259,1537 285,1538 311,1538 337,1538 363,1538 389,1539 415,1539 441,1540 467,1540 493,1541 519,1541 545,1541 571,1542 597,1542 623,1542 649,1542 675,1542 701,1542 701,1508 675,1508 649,1508 623,1508 597,1508 571,1508 545,1507 519,1507 493,1507 467,1506 441,1506 415,1505 389,1505 363,1504 337,1504 311,1504 285,1504 259,1503 233,1503 207,1504 181,1504"/>
                <Baseline points="181,1527 207,1527 233,1526 259,1526 285,1527 311,1527 337,1527 363,1527 389,1528 415,1528 441,1529 467,1529 493,1530 519,1530 545,1530 571,1531 597,1531 623,1531 649,1531 675,1531 701,1531"/>
                <TextEquiv>
                    <Unicode>luego que pase á España</Unicode>
                </TextEquiv>
            </TextLine>
            <TextLine id="r1l29" custom="readingOrder {index:27;}">
                <Coords points="177,1587 202,1587 227,1587 252,1587 278,1587 303,1587 328,1587 353,1587 379,1587 404,1587 429,1588 455,1588 480,1588 505,1589 530,1589 556,1590 581,1590 606,1591 632,1592 632,1558 606,1557 581,1556 556,1556 530,1555 505,1555 480,1554 455,1554 429,1554 404,1553 379,1553 353,1553 328,1553 303,1553 278,1553 252,1553 227,1553 202,1553 177,1553"/>
                <Baseline points="177,1576 202,1576 227,1576 252,1576 278,1576 303,1576 328,1576 353,1576 379,1576 404,1576 429,1577 455,1577 480,1577 505,1578 530,1578 556,1579 581,1579 606,1580 632,1581"/>
                <TextEquiv>
                    <Unicode>promento te ampararé,</Unicode>
                </TextEquiv>
            </TextLine>
            <TextLine id="r1l30" custom="readingOrder {index:28;}">
                <Coords points="189,1635 215,1635 241,1635 267,1635 293,1636 319,1636 345,1636 371,1636 397,1637 423,1637 450,1637 476,1637 502,1638 528,1638 554,1638 580,1638 606,1639 632,1639 658,1640 684,1641 711,1641 711,1607 684,1607 658,1606 632,1605 606,1605 580,1604 554,1604 528,1604 502,1604 476,1603 450,1603 423,1603 397,1603 371,1602 345,1602 319,1602 293,1602 267,1601 241,1601 215,1601 189,1601"/>
                <Baseline points="189,1624 215,1624 241,1624 267,1624 293,1625 319,1625 345,1625 371,1625 397,1626 423,1626 450,1626 476,1626 502,1627 528,1627 554,1627 580,1627 606,1628 632,1628 658,1629 684,1630 711,1630"/>
                <TextEquiv>
                    <Unicode>juro por mi real palabra. </Unicode>
                </TextEquiv>
            </TextLine>
            <TextLine id="r1l31" custom="readingOrder {index:29;}">
                <Coords points="180,1682 205,1682 230,1683 255,1683 280,1684 305,1684 330,1684 355,1684 380,1685 405,1685 430,1685 455,1685 480,1685 505,1686 530,1686 555,1686 580,1687 605,1687 630,1688 656,1688 656,1654 630,1654 605,1653 580,1653 555,1652 530,1652 505,1652 480,1651 455,1651 430,1651 405,1651 380,1651 355,1650 330,1650 305,1650 280,1650 255,1649 230,1649 205,1648 180,1648"/>
                <Baseline points="180,1671 205,1671 230,1672 255,1672 280,1673 305,1673 330,1673 355,1673 380,1674 405,1674 430,1674 455,1674 480,1674 505,1675 530,1675 555,1675 580,1676 605,1676 630,1677 656,1677"/>
                <TextEquiv>
                    <Unicode>El platero le responde;</Unicode>
                </TextEquiv>
            </TextLine>
            <TextLine id="r1l32" custom="readingOrder {index:30;}">
                <Coords points="179,1733 205,1732 231,1732 257,1732 283,1732 309,1732 335,1732 361,1733 387,1733 413,1733 439,1734 465,1735 491,1735 517,1735 543,1736 569,1736 595,1736 621,1735 647,1735 647,1701 621,1701 595,1702 569,1702 543,1702 517,1701 491,1701 465,1701 439,1700 413,1699 387,1699 361,1699 335,1698 309,1698 283,1698 257,1698 231,1698 205,1698 179,1699"/>
                <Baseline points="179,1722 205,1721 231,1721 257,1721 283,1721 309,1721 335,1721 361,1722 387,1722 413,1722 439,1723 465,1724 491,1724 517,1724 543,1725 569,1725 595,1725 621,1724 647,1724"/>
                <TextEquiv>
                    <Unicode>en esta ciudad se halla</Unicode>
                </TextEquiv>
            </TextLine>
            <TextLine id="r1l33" custom="readingOrder {index:31;}">
                <Coords points="175,1781 200,1780 226,1780 252,1780 278,1780 304,1780 329,1781 355,1781 381,1782 407,1782 433,1783 459,1783 484,1783 510,1784 536,1784 562,1784 588,1784 614,1784 614,1750 588,1750 562,1750 536,1750 510,1750 484,1749 459,1749 433,1749 407,1748 381,1748 355,1747 329,1747 304,1746 278,1746 252,1746 226,1746 200,1746 175,1747"/>
                <Baseline points="175,1770 200,1769 226,1769 252,1769 278,1769 304,1769 329,1770 355,1770 381,1771 407,1771 433,1772 459,1772 484,1772 510,1773 536,1773 562,1773 588,1773 614,1773"/>
                <TextEquiv>
                    <Unicode>un amigo mio, que</Unicode>
                </TextEquiv>
            </TextLine>
            <TextLine id="r1l34" custom="readingOrder {index:32;}">
                <Coords points="180,1828 211,1828 242,1828 273,1829 304,1829 335,1829 366,1829 397,1830 428,1830 459,1830 490,1831 521,1831 552,1832 583,1832 614,1832 645,1832 676,1833 707,1833 738,1833 769,1833 800,1834 800,1800 769,1799 738,1799 707,1799 676,1799 645,1798 614,1798 583,1798 552,1798 521,1797 490,1797 459,1796 428,1796 397,1796 366,1795 335,1795 304,1795 273,1795 242,1794 211,1794 180,1794"/>
                <Baseline points="180,1817 211,1817 242,1817 273,1818 304,1818 335,1818 366,1818 397,1819 428,1819 459,1819 490,1820 521,1820 552,1821 583,1821 614,1821 645,1821 676,1822 707,1822 738,1822 769,1822 800,1823"/>
                <TextEquiv>
                    <Unicode>grande hacienda le acompaña;</Unicode>
                </TextEquiv>
            </TextLine>
            <TextLine id="r1l35" custom="readingOrder {index:33;}">
                <Coords points="177,1878 202,1877 227,1877 253,1876 278,1876 304,1876 329,1877 355,1877 380,1878 406,1879 431,1879 457,1880 482,1880 508,1881 533,1881 559,1881 584,1881 610,1880 635,1879 661,1877 661,1843 635,1845 610,1846 584,1847 559,1847 533,1847 508,1847 482,1846 457,1846 431,1845 406,1845 380,1844 355,1843 329,1843 304,1842 278,1842 253,1842 227,1843 202,1843 177,1844"/>
                <Baseline points="177,1867 202,1866 227,1866 253,1865 278,1865 304,1865 329,1866 355,1866 380,1867 406,1868 431,1868 457,1869 482,1869 508,1870 533,1870 559,1870 584,1870 610,1869 635,1868 661,1866"/>
                <TextEquiv>
                    <Unicode>á este dicho le hablarè</Unicode>
                </TextEquiv>
            </TextLine>
            <TextLine id="r1l36" custom="readingOrder {index:34;}">
                <Coords points="183,1925 211,1925 239,1925 267,1926 296,1926 324,1926 352,1927 380,1927 409,1927 437,1928 465,1928 493,1928 522,1929 550,1929 578,1929 606,1929 635,1929 663,1930 691,1930 719,1929 748,1929 748,1895 719,1895 691,1896 663,1896 635,1895 606,1895 578,1895 550,1895 522,1895 493,1894 465,1894 437,1894 409,1893 380,1893 352,1893 324,1892 296,1892 267,1892 239,1891 211,1891 183,1891"/>
                <Baseline points="183,1914 211,1914 239,1914 267,1915 296,1915 324,1915 352,1916 380,1916 409,1916 437,1917 465,1917 493,1917 522,1918 550,1918 578,1918 606,1918 635,1918 663,1919 691,1919 719,1918 748,1918"/>
                <TextEquiv>
                    <Unicode>en lo que su alteza manda.</Unicode>
                </TextEquiv>
            </TextLine>
            <TextLine id="r1l37" custom="readingOrder {index:35;}">
                <Coords points="175,1973 200,1973 226,1973 251,1973 277,1973 303,1973 328,1974 354,1974 379,1974 405,1975 431,1975 456,1976 482,1976 507,1976 533,1977 559,1977 584,1978 610,1978 635,1978 661,1978 687,1979 687,1945 661,1944 635,1944 610,1944 584,1944 559,1943 533,1943 507,1942 482,1942 456,1942 431,1941 405,1941 379,1940 354,1940 328,1940 303,1939 277,1939 251,1939 226,1939 200,1939 175,1939"/>
                <Baseline points="175,1962 200,1962 226,1962 251,1962 277,1962 303,1962 328,1963 354,1963 379,1963 405,1964 431,1964 456,1965 482,1965 507,1965 533,1966 559,1966 584,1967 610,1967 635,1967 661,1967 687,1968"/>
                <TextEquiv>
                    <Unicode>Mucho puede el interes,</Unicode>
                </TextEquiv>
            </TextLine>
            <TextLine id="r1l38" custom="readingOrder {index:36;}">
                <Coords points="177,2022 205,2022 234,2023 263,2023 292,2023 320,2024 349,2024 378,2024 407,2024 435,2025 464,2025 493,2025 522,2025 550,2025 579,2026 608,2026 637,2026 665,2026 694,2027 723,2027 752,2027 752,1993 723,1993 694,1993 665,1992 637,1992 608,1992 579,1992 550,1991 522,1991 493,1991 464,1991 435,1991 407,1990 378,1990 349,1990 320,1990 292,1989 263,1989 234,1989 205,1988 177,1988"/>
                <Baseline points="177,2011 205,2011 234,2012 263,2012 292,2012 320,2013 349,2013 378,2013 407,2013 435,2014 464,2014 493,2014 522,2014 550,2014 579,2015 608,2015 637,2015 665,2015 694,2016 723,2016 752,2016"/>
                <TextEquiv>
                    <Unicode>su imperio todo lo arrastra.</Unicode>
                </TextEquiv>
            </TextLine>
            <TextLine id="r1l39" custom="readingOrder {index:37;}">
                <Coords points="178,2070 203,2071 228,2071 254,2072 279,2072 304,2072 330,2073 355,2073 381,2073 406,2073 431,2073 457,2074 482,2074 508,2074 533,2074 558,2075 584,2075 609,2076 635,2077 635,2043 609,2042 584,2041 558,2041 533,2040 508,2040 482,2040 457,2040 431,2039 406,2039 381,2039 355,2039 330,2039 304,2038 279,2038 254,2038 228,2037 203,2037 178,2036"/>
                <Baseline points="178,2059 203,2060 228,2060 254,2061 279,2061 304,2061 330,2062 355,2062 381,2062 406,2062 431,2062 457,2063 482,2063 508,2063 533,2063 558,2064 584,2064 609,2065 635,2066"/>
                <TextEquiv>
                    <Unicode>El maestro de platero,</Unicode>
                </TextEquiv>
            </TextLine>
            <TextLine id="r1l40" custom="readingOrder {index:38;}">
                <Coords points="176,2118 201,2118 227,2119 253,2120 279,2121 305,2121 331,2122 357,2122 383,2122 409,2122 435,2123 461,2123 487,2123 513,2123 539,2123 565,2124 591,2124 617,2124 643,2125 669,2125 669,2091 643,2091 617,2090 591,2090 565,2090 539,2089 513,2089 487,2089 461,2089 435,2089 409,2088 383,2088 357,2088 331,2088 305,2087 279,2087 253,2086 227,2085 201,2084 176,2084"/>
                <Baseline points="176,2107 201,2107 227,2108 253,2109 279,2110 305,2110 331,2111 357,2111 383,2111 409,2111 435,2112 461,2112 487,2112 513,2112 539,2112 565,2113 591,2113 617,2113 643,2114 669,2114"/>
                <TextEquiv>
                    <Unicode>se partió con vigilancia</Unicode>
                </TextEquiv>
            </TextLine>
            <TextLine id="r1l41" custom="readingOrder {index:39;}">
                <Coords points="178,2166 204,2167 230,2168 257,2169 283,2169 309,2169 336,2170 362,2170 389,2170 415,2170 441,2170 468,2171 494,2171 520,2171 547,2172 573,2173 600,2174 600,2140 573,2139 547,2138 520,2137 494,2137 468,2137 441,2136 415,2136 389,2136 362,2136 336,2136 309,2135 283,2135 257,2135 230,2134 204,2133 178,2132"/>
                <Baseline points="178,2155 204,2156 230,2157 257,2158 283,2158 309,2158 336,2159 362,2159 389,2159 415,2159 441,2159 468,2160 494,2160 520,2160 547,2161 573,2162 600,2163"/>
                <TextEquiv>
                    <Unicode>á casa de su amigo;</Unicode>
                </TextEquiv>
            </TextLine>
            <TextLine id="r1l42" custom="readingOrder {index:40;}">
                <Coords points="180,2216 205,2216 230,2217 255,2217 281,2218 306,2218 331,2218 356,2219 382,2219 407,2219 432,2219 457,2220 483,2220 508,2220 533,2221 558,2221 584,2222 609,2222 634,2223 660,2224 660,2190 634,2189 609,2188 584,2188 558,2187 533,2187 508,2186 483,2186 457,2186 432,2185 407,2185 382,2185 356,2185 331,2184 306,2184 281,2184 255,2183 230,2183 205,2182 180,2182"/>
                <Baseline points="180,2205 205,2205 230,2206 255,2206 281,2207 306,2207 331,2207 356,2208 382,2208 407,2208 432,2208 457,2209 483,2209 508,2209 533,2210 558,2210 584,2211 609,2211 634,2212 660,2213"/>
                <TextEquiv>
                    <Unicode>cuenta de todo le daba,</Unicode>
                </TextEquiv>
            </TextLine>
            <TextLine id="r1l43" custom="readingOrder {index:41;}">
                <Coords points="177,2267 202,2267 228,2268 253,2268 279,2268 305,2268 330,2269 356,2269 381,2270 407,2270 433,2271 458,2271 484,2271 509,2272 535,2272 561,2272 586,2272 612,2272 638,2272 638,2238 612,2238 586,2238 561,2238 535,2238 509,2238 484,2237 458,2237 433,2237 407,2236 381,2236 356,2235 330,2235 305,2234 279,2234 253,2234 228,2234 202,2233 177,2233"/>
                <Baseline points="177,2256 202,2256 228,2257 253,2257 279,2257 305,2257 330,2258 356,2258 381,2259 407,2259 433,2260 458,2260 484,2260 509,2261 535,2261 561,2261 586,2261 612,2261 638,2261"/>
                <TextEquiv>
                    <Unicode>como en su casa tenía</Unicode>
                </TextEquiv>
            </TextLine>
            <TextEquiv>
                <Unicode>aquella fina tumbaga.
El platero que la vió,
le responde estas palabras:
Señor príncipe, ¿qué es esto?
este anillo lo declara
que sois persona real;
su Alteza no niegue nada. 
Don Juan reparóse y dijo: 
Soy hijo del rey de España,
el grande Felipe cuarto.-
por defender á una dama,
le dí la muerte sangrienta
á un hijo del Duque de Alba,
y temiendo de mi padre
el castigo que me aguarda,
hasta verlo mas templado
es fuerza que ausencia haga.
De la Córte me salí
sin que nadie sepa nada,
y así si tú determinas
el que se vea ensalzada
tu casa, haciéndote noble,
sobre esta real alhaja,
para mi adorno y decencia
dame monedas y galas,
que si te portas conmigo,
luego que pase á España
promento te ampararé,
juro por mi real palabra. 
El platero le responde;
en esta ciudad se halla
un amigo mio, que
grande hacienda le acompaña;
á este dicho le hablarè
en lo que su alteza manda.
Mucho puede el interes,
su imperio todo lo arrastra.
El maestro de platero,
se partió con vigilancia
á casa de su amigo;
cuenta de todo le daba,
como en su casa tenía</Unicode>
            </TextEquiv>
        </TextRegion>
        <TextRegion orientation="0.0" id="r3" custom="readingOrder {index:2;}">
            <Coords points="895,247 895,2274 1586,2274 1586,247"/>
            <TextLine id="r3l1" custom="readingOrder {index:0;}">
                <Coords points="895,281 926,281 958,281 990,282 1021,282 1053,282 1085,282 1116,282 1148,282 1180,282 1212,281 1243,281 1275,281 1307,282 1338,282 1370,282 1402,282 1433,283 1465,283 1497,284 1529,285 1529,251 1497,250 1465,249 1433,249 1402,248 1370,248 1338,248 1307,248 1275,247 1243,247 1212,247 1180,248 1148,248 1116,248 1085,248 1053,248 1021,248 990,248 958,247 926,247 895,247"/>
                <Baseline points="895,270 926,270 958,270 990,271 1021,271 1053,271 1085,271 1116,271 1148,271 1180,271 1212,270 1243,270 1275,270 1307,271 1338,271 1370,271 1402,271 1433,272 1465,272 1497,273 1529,274"/>
                <TextEquiv>
                    <Unicode>á un gran príncipe de España,</Unicode>
                </TextEquiv>
            </TextLine>
            <TextLine id="r3l2" custom="readingOrder {index:1;}">
                <Coords points="899,329 928,329 957,329 987,329 1016,329 1046,329 1075,329 1104,329 1134,329 1163,329 1193,330 1222,330 1251,330 1281,330 1310,331 1340,331 1369,331 1398,332 1428,332 1457,333 1487,333 1487,299 1457,299 1428,298 1398,298 1369,297 1340,297 1310,297 1281,296 1251,296 1222,296 1193,296 1163,295 1134,295 1104,295 1075,295 1046,295 1016,295 987,295 957,295 928,295 899,295"/>
                <Baseline points="899,318 928,318 957,318 987,318 1016,318 1046,318 1075,318 1104,318 1134,318 1163,318 1193,319 1222,319 1251,319 1281,319 1310,320 1340,320 1369,320 1398,321 1428,321 1457,322 1487,322"/>
                <TextEquiv>
                    <Unicode>que era dueño de la prenda,</Unicode>
                </TextEquiv>
            </TextLine>
            <TextLine id="r3l3" custom="readingOrder {index:2;}">
                <Coords points="903,376 929,377 956,377 983,377 1009,378 1036,378 1063,378 1089,378 1116,378 1143,378 1170,378 1196,379 1223,379 1250,379 1276,379 1303,379 1330,379 1356,379 1383,380 1410,380 1437,380 1437,346 1410,346 1383,346 1356,345 1330,345 1303,345 1276,345 1250,345 1223,345 1196,345 1170,344 1143,344 1116,344 1089,344 1063,344 1036,344 1009,344 983,343 956,343 929,343 903,342"/>
                <Baseline points="903,365 929,366 956,366 983,366 1009,367 1036,367 1063,367 1089,367 1116,367 1143,367 1170,367 1196,368 1223,368 1250,368 1276,368 1303,368 1330,368 1356,368 1383,369 1410,369 1437,369"/>
                <TextEquiv>
                    <Unicode>que dice su forma y traza.</Unicode>
                </TextEquiv>
            </TextLine>
            <TextLine id="r3l4" custom="readingOrder {index:3;}">
                <Coords points="902,424 928,424 954,425 981,425 1007,425 1033,426 1060,426 1086,426 1113,426 1139,426 1165,426 1192,426 1218,427 1244,427 1271,427 1297,428 1324,428 1324,394 1297,394 1271,393 1244,393 1218,393 1192,392 1165,392 1139,392 1113,392 1086,392 1060,392 1033,392 1007,391 981,391 954,391 928,390 902,390"/>
                <Baseline points="902,413 928,413 954,414 981,414 1007,414 1033,415 1060,415 1086,415 1113,415 1139,415 1165,415 1192,415 1218,416 1244,416 1271,416 1297,417 1324,417"/>
                <TextEquiv>
                    <Unicode>Movido de la codicia,</Unicode>
                </TextEquiv>
            </TextLine>
            <TextLine id="r3l5" custom="readingOrder {index:4;}">
                <Coords points="900,473 926,474 953,474 979,474 1006,474 1032,474 1059,474 1085,474 1112,474 1138,475 1165,475 1191,475 1218,475 1244,475 1271,475 1297,475 1324,476 1324,442 1297,441 1271,441 1244,441 1218,441 1191,441 1165,441 1138,441 1112,440 1085,440 1059,440 1032,440 1006,440 979,440 953,440 926,440 900,439"/>
                <Baseline points="900,462 926,463 953,463 979,463 1006,463 1032,463 1059,463 1085,463 1112,463 1138,464 1165,464 1191,464 1218,464 1244,464 1271,464 1297,464 1324,465"/>
                <TextEquiv>
                    <Unicode>le pusieron una casa</Unicode>
                </TextEquiv>
            </TextLine>
            <TextLine id="r3l6" custom="readingOrder {index:5;}">
                <Coords points="895,522 921,522 947,522 974,523 1000,523 1027,523 1053,523 1079,523 1106,523 1132,523 1159,523 1185,523 1211,523 1238,523 1264,524 1291,524 1317,525 1344,526 1344,492 1317,491 1291,490 1264,490 1238,489 1211,489 1185,489 1159,489 1132,489 1106,489 1079,489 1053,489 1027,489 1000,489 974,489 947,488 921,488 895,488"/>
                <Baseline points="895,511 921,511 947,511 974,512 1000,512 1027,512 1053,512 1079,512 1106,512 1132,512 1159,512 1185,512 1211,512 1238,512 1264,513 1291,513 1317,514 1344,515"/>
                <TextEquiv>
                    <Unicode>adornada con primor,</Unicode>
                </TextEquiv>
            </TextLine>
            <TextLine id="r3l7" custom="readingOrder {index:6;}">
                <Coords points="900,570 925,570 950,570 975,571 1000,571 1026,571 1051,571 1076,571 1101,572 1127,572 1152,572 1177,572 1202,572 1227,572 1253,572 1278,572 1303,572 1328,572 1354,572 1354,538 1328,538 1303,538 1278,538 1253,538 1227,538 1202,538 1177,538 1152,538 1127,538 1101,538 1076,537 1051,537 1026,537 1000,537 975,537 950,536 925,536 900,536"/>
                <Baseline points="900,559 925,559 950,559 975,560 1000,560 1026,560 1051,560 1076,560 1101,561 1127,561 1152,561 1177,561 1202,561 1227,561 1253,561 1278,561 1303,561 1328,561 1354,561"/>
                <TextEquiv>
                    <Unicode>le remiten dos criadas</Unicode>
                </TextEquiv>
            </TextLine>
            <TextLine id="r3l8" custom="readingOrder {index:7;}">
                <Coords points="903,619 928,619 953,619 978,619 1003,619 1028,619 1053,619 1078,619 1103,619 1129,619 1154,620 1179,620 1204,620 1229,620 1254,621 1279,621 1304,621 1330,622 1330,588 1304,587 1279,587 1254,587 1229,586 1204,586 1179,586 1154,586 1129,585 1103,585 1078,585 1053,585 1028,585 1003,585 978,585 953,585 928,585 903,585"/>
                <Baseline points="903,608 928,608 953,608 978,608 1003,608 1028,608 1053,608 1078,608 1103,608 1129,608 1154,609 1179,609 1204,609 1229,609 1254,610 1279,610 1304,610 1330,611"/>
                <TextEquiv>
                    <Unicode>dos criados y carroza</Unicode>
                </TextEquiv>
            </TextLine>
            <TextLine id="r3l9" custom="readingOrder {index:8;}">
                <Coords points="902,666 928,666 954,666 981,667 1007,667 1033,667 1060,667 1086,668 1112,668 1139,669 1165,669 1191,669 1218,669 1244,670 1270,670 1297,670 1323,670 1349,670 1376,670 1376,636 1349,636 1323,636 1297,636 1270,636 1244,636 1218,635 1191,635 1165,635 1139,635 1112,634 1086,634 1060,633 1033,633 1007,633 981,633 954,632 928,632 902,632"/>
                <Baseline points="902,655 928,655 954,655 981,656 1007,656 1033,656 1060,656 1086,657 1112,657 1139,658 1165,658 1191,658 1218,658 1244,659 1270,659 1297,659 1323,659 1349,659 1376,659"/>
                <TextEquiv>
                    <Unicode>compuesta y aderezada. </Unicode>
                </TextEquiv>
            </TextLine>
            <TextLine id="r3l10" custom="readingOrder {index:9;}">
                <Coords points="900,716 926,716 952,716 978,717 1004,717 1031,717 1057,717 1083,717 1109,718 1135,718 1162,718 1188,718 1214,718 1240,718 1266,718 1293,718 1319,718 1345,719 1371,719 1397,719 1424,719 1424,685 1397,685 1371,685 1345,685 1319,684 1293,684 1266,684 1240,684 1214,684 1188,684 1162,684 1135,684 1109,684 1083,683 1057,683 1031,683 1004,683 978,683 952,682 926,682 900,682"/>
                <Baseline points="900,705 926,705 952,705 978,706 1004,706 1031,706 1057,706 1083,706 1109,707 1135,707 1162,707 1188,707 1214,707 1240,707 1266,707 1293,707 1319,707 1345,708 1371,708 1397,708 1424,708"/>
                <TextEquiv>
                    <Unicode>El les encarga el secreto,</Unicode>
                </TextEquiv>
            </TextLine>
            <TextLine id="r3l11" custom="readingOrder {index:10;}">
                <Coords points="906,765 936,765 966,765 997,765 1027,765 1058,766 1088,766 1118,766 1149,766 1179,766 1210,766 1240,766 1270,766 1301,766 1331,766 1362,766 1392,767 1422,767 1453,767 1483,767 1514,767 1514,733 1483,733 1453,733 1422,733 1392,733 1362,732 1331,732 1301,732 1270,732 1240,732 1210,732 1179,732 1149,732 1118,732 1088,732 1058,732 1027,731 997,731 966,731 936,731 906,731"/>
                <Baseline points="906,754 936,754 966,754 997,754 1027,754 1058,755 1088,755 1118,755 1149,755 1179,755 1210,755 1240,755 1270,755 1301,755 1331,755 1362,755 1392,756 1422,756 1453,756 1483,756 1514,756"/>
                <TextEquiv>
                    <Unicode>y es porque así le importaba. </Unicode>
                </TextEquiv>
            </TextLine>
            <TextLine id="r3l12" custom="readingOrder {index:11;}">
                <Coords points="897,814 923,814 950,814 976,814 1003,814 1030,814 1056,814 1083,814 1110,814 1136,814 1163,814 1190,814 1216,814 1243,814 1270,814 1296,814 1323,815 1350,815 1376,815 1403,815 1430,816 1430,782 1403,781 1376,781 1350,781 1323,781 1296,780 1270,780 1243,780 1216,780 1190,780 1163,780 1136,780 1110,780 1083,780 1056,780 1030,780 1003,780 976,780 950,780 923,780 897,780"/>
                <Baseline points="897,803 923,803 950,803 976,803 1003,803 1030,803 1056,803 1083,803 1110,803 1136,803 1163,803 1190,803 1216,803 1243,803 1270,803 1296,803 1323,804 1350,804 1376,804 1403,804 1430,805"/>
                <TextEquiv>
                    <Unicode>Se cruzaban los doblones,</Unicode>
                </TextEquiv>
            </TextLine>
            <TextLine id="r3l13" custom="readingOrder {index:12;}">
                <Coords points="899,865 925,864 951,864 978,864 1004,863 1030,863 1057,863 1083,863 1109,863 1136,863 1162,863 1188,863 1215,863 1241,863 1267,863 1294,863 1320,864 1346,864 1373,865 1399,865 1426,866 1426,832 1399,831 1373,831 1346,830 1320,830 1294,829 1267,829 1241,829 1215,829 1188,829 1162,829 1136,829 1109,829 1083,829 1057,829 1030,829 1004,829 978,830 951,830 925,830 899,831"/>
                <Baseline points="899,854 925,853 951,853 978,853 1004,852 1030,852 1057,852 1083,852 1109,852 1136,852 1162,852 1188,852 1215,852 1241,852 1267,852 1294,852 1320,853 1346,853 1373,854 1399,854 1426,855"/>
                <TextEquiv>
                    <Unicode>los diamantes y las galas.</Unicode>
                </TextEquiv>
            </TextLine>
            <TextLine id="r3l14" custom="readingOrder {index:13;}">
                <Coords points="899,913 926,913 953,913 981,913 1008,912 1036,912 1063,912 1091,912 1118,912 1146,912 1173,912 1200,912 1228,912 1255,912 1283,912 1310,912 1338,912 1365,912 1393,912 1420,912 1448,913 1448,880 1420,879 1393,879 1365,879 1338,879 1310,879 1283,879 1255,879 1228,879 1200,879 1173,879 1146,879 1118,879 1091,879 1063,879 1036,879 1008,879 981,880 953,880 926,880 899,880"/>
                <Baseline points="899,902 926,902 953,902 981,902 1008,901 1036,901 1063,901 1091,901 1118,901 1146,901 1173,901 1200,901 1228,901 1255,901 1283,901 1310,901 1338,901 1365,901 1393,901 1420,901 1448,902"/>
                <TextEquiv>
                    <Unicode>Sepámos que el mercader</Unicode>
                </TextEquiv>
            </TextLine>
            <TextLine id="r3l15" custom="readingOrder {index:14;}">
                <Coords points="903,963 928,962 953,962 978,962 1003,961 1028,961 1053,961 1079,961 1104,960 1129,960 1154,960 1179,960 1204,960 1229,960 1255,960 1280,960 1305,961 1330,961 1355,961 1380,961 1406,961 1406,927 1380,927 1355,927 1330,927 1305,927 1280,926 1255,926 1229,926 1204,926 1179,926 1154,926 1129,926 1104,926 1079,927 1053,927 1028,927 1003,927 978,928 953,928 928,928 903,929"/>
                <Baseline points="903,952 928,951 953,951 978,951 1003,950 1028,950 1053,950 1079,950 1104,949 1129,949 1154,949 1179,949 1204,949 1229,949 1255,949 1280,949 1305,950 1330,950 1355,950 1380,950 1406,950"/>
                <TextEquiv>
                    <Unicode>tiene por hija una dama</Unicode>
                </TextEquiv>
            </TextLine>
            <TextLine id="r3l16" custom="readingOrder {index:15;}">
                <Coords points="897,1010 923,1010 950,1010 976,1009 1003,1009 1030,1009 1056,1009 1083,1009 1110,1009 1136,1009 1163,1009 1190,1009 1216,1009 1243,1009 1270,1009 1296,1010 1323,1010 1350,1010 1376,1011 1403,1011 1430,1011 1430,977 1403,977 1376,977 1350,976 1323,976 1296,976 1270,975 1243,975 1216,975 1190,975 1163,975 1136,975 1110,975 1083,975 1056,975 1030,975 1003,975 976,975 950,976 923,976 897,976"/>
                <Baseline points="897,999 923,999 950,999 976,998 1003,998 1030,998 1056,998 1083,998 1110,998 1136,998 1163,998 1190,998 1216,998 1243,998 1270,998 1296,999 1323,999 1350,999 1376,1000 1403,1000 1430,1000"/>
                <TextEquiv>
                    <Unicode>hermosa á las maravillas,</Unicode>
                </TextEquiv>
            </TextLine>
            <TextLine id="r3l17" custom="readingOrder {index:16;}">
                <Coords points="902,1058 929,1059 957,1059 984,1059 1012,1059 1040,1059 1067,1058 1095,1058 1122,1058 1150,1058 1178,1057 1205,1057 1233,1057 1260,1057 1288,1057 1316,1057 1343,1057 1371,1058 1398,1058 1426,1059 1454,1060 1454,1027 1426,1026 1398,1025 1371,1025 1343,1024 1316,1024 1288,1024 1260,1024 1233,1024 1205,1024 1178,1024 1150,1025 1122,1025 1095,1025 1067,1025 1040,1026 1012,1026 984,1026 957,1026 929,1026 902,1025"/>
                <Baseline points="902,1047 929,1048 957,1048 984,1048 1012,1048 1040,1048 1067,1047 1095,1047 1122,1047 1150,1047 1178,1046 1205,1046 1233,1046 1260,1046 1288,1046 1316,1046 1343,1046 1371,1047 1398,1047 1426,1048 1454,1049"/>
                <TextEquiv>
                    <Unicode>que es de todos envidiada. </Unicode>
                </TextEquiv>
            </TextLine>
            <TextLine id="r3l18" custom="readingOrder {index:17;}">
                <Coords points="899,1107 925,1107 952,1106 978,1106 1005,1105 1031,1105 1058,1105 1084,1105 1111,1105 1137,1105 1164,1105 1191,1106 1217,1106 1244,1106 1270,1106 1297,1106 1323,1107 1350,1107 1376,1107 1403,1107 1430,1107 1430,1073 1403,1073 1376,1073 1350,1073 1323,1073 1297,1072 1270,1072 1244,1072 1217,1072 1191,1072 1164,1071 1137,1071 1111,1071 1084,1071 1058,1071 1031,1071 1005,1071 978,1072 952,1072 925,1073 899,1073"/>
                <Baseline points="899,1096 925,1096 952,1095 978,1095 1005,1094 1031,1094 1058,1094 1084,1094 1111,1094 1137,1094 1164,1094 1191,1095 1217,1095 1244,1095 1270,1095 1297,1095 1323,1096 1350,1096 1376,1096 1403,1096 1430,1096"/>
                <TextEquiv>
                    <Unicode>Llegó el dia de San Juan,</Unicode>
                </TextEquiv>
            </TextLine>
            <TextLine id="r3l19" custom="readingOrder {index:18;}">
                <Coords points="908,1154 934,1154 960,1155 986,1155 1012,1155 1038,1155 1064,1155 1090,1155 1116,1154 1142,1154 1169,1154 1195,1154 1221,1154 1247,1154 1273,1155 1299,1155 1325,1155 1351,1155 1377,1155 1403,1156 1430,1156 1430,1122 1403,1122 1377,1121 1351,1121 1325,1121 1299,1121 1273,1121 1247,1120 1221,1120 1195,1120 1169,1120 1142,1120 1116,1120 1090,1121 1064,1121 1038,1121 1012,1121 986,1121 960,1121 934,1120 908,1120"/>
                <Baseline points="908,1143 934,1143 960,1144 986,1144 1012,1144 1038,1144 1064,1144 1090,1144 1116,1143 1142,1143 1169,1143 1195,1143 1221,1143 1247,1143 1273,1144 1299,1144 1325,1144 1351,1144 1377,1144 1403,1145 1430,1145"/>
                <TextEquiv>
                    <Unicode>en que previno en su casa</Unicode>
                </TextEquiv>
            </TextLine>
            <TextLine id="r3l20" custom="readingOrder {index:19;}">
                <Coords points="906,1203 932,1203 958,1203 985,1203 1011,1203 1037,1203 1064,1203 1090,1203 1116,1203 1143,1203 1169,1203 1195,1202 1222,1202 1248,1202 1274,1202 1301,1202 1327,1202 1353,1203 1380,1203 1380,1169 1353,1169 1327,1168 1301,1168 1274,1168 1248,1168 1222,1168 1195,1168 1169,1169 1143,1169 1116,1169 1090,1169 1064,1169 1037,1169 1011,1169 985,1169 958,1169 932,1169 906,1169"/>
                <Baseline points="906,1192 932,1192 958,1192 985,1192 1011,1192 1037,1192 1064,1192 1090,1192 1116,1192 1143,1192 1169,1192 1195,1191 1222,1191 1248,1191 1274,1191 1301,1191 1327,1191 1353,1192 1380,1192"/>
                <TextEquiv>
                    <Unicode>diversidad de manjares</Unicode>
                </TextEquiv>
            </TextLine>
            <TextLine id="r3l21" custom="readingOrder {index:20;}">
                <Coords points="911,1252 940,1252 969,1252 998,1252 1027,1252 1056,1252 1085,1252 1115,1252 1144,1252 1173,1252 1202,1252 1231,1252 1260,1252 1289,1252 1319,1252 1348,1252 1377,1252 1406,1253 1435,1253 1464,1253 1494,1252 1494,1218 1464,1219 1435,1219 1406,1219 1377,1218 1348,1218 1319,1218 1289,1218 1260,1218 1231,1218 1202,1218 1173,1218 1144,1218 1115,1218 1085,1218 1056,1218 1027,1218 998,1218 969,1218 940,1218 911,1218"/>
                <Baseline points="911,1241 940,1241 969,1241 998,1241 1027,1241 1056,1241 1085,1241 1115,1241 1144,1241 1173,1241 1202,1241 1231,1241 1260,1241 1289,1241 1319,1241 1348,1241 1377,1241 1406,1242 1435,1242 1464,1242 1494,1241"/>
                <TextEquiv>
                    <Unicode>para la funcion que aguarda.</Unicode>
                </TextEquiv>
            </TextLine>
            <TextLine id="r3l22" custom="readingOrder {index:21;}">
                <Coords points="899,1301 929,1300 959,1300 989,1300 1019,1299 1049,1299 1079,1299 1109,1300 1139,1300 1169,1300 1199,1300 1229,1301 1259,1301 1289,1301 1319,1301 1349,1301 1379,1301 1409,1301 1439,1300 1469,1300 1499,1299 1499,1265 1469,1266 1439,1266 1409,1267 1379,1267 1349,1267 1319,1267 1289,1267 1259,1267 1229,1267 1199,1266 1169,1266 1139,1266 1109,1266 1079,1265 1049,1265 1019,1265 989,1266 959,1266 929,1266 899,1267"/>
                <Baseline points="899,1290 929,1289 959,1289 989,1289 1019,1288 1049,1288 1079,1288 1109,1289 1139,1289 1169,1289 1199,1289 1229,1290 1259,1290 1289,1290 1319,1290 1349,1290 1379,1290 1409,1290 1439,1289 1469,1289 1499,1288"/>
                <TextEquiv>
                    <Unicode>Fué á ver al príncipe, y dióle</Unicode>
                </TextEquiv>
            </TextLine>
            <TextLine id="r3l23" custom="readingOrder {index:22;}">
                <Coords points="911,1349 936,1349 961,1348 986,1348 1011,1348 1037,1348 1062,1348 1087,1348 1112,1348 1138,1348 1163,1348 1188,1349 1213,1349 1238,1349 1264,1349 1289,1349 1314,1349 1339,1348 1365,1348 1365,1314 1339,1314 1314,1315 1289,1315 1264,1315 1238,1315 1213,1315 1188,1315 1163,1314 1138,1314 1112,1314 1087,1314 1062,1314 1037,1314 1011,1314 986,1314 961,1314 936,1315 911,1315"/>
                <Baseline points="911,1338 936,1338 961,1337 986,1337 1011,1337 1037,1337 1062,1337 1087,1337 1112,1337 1138,1337 1163,1337 1188,1338 1213,1338 1238,1338 1264,1338 1289,1338 1314,1338 1339,1337 1365,1337"/>
                <TextEquiv>
                    <Unicode>las vísperas celebradas</Unicode>
                </TextEquiv>
            </TextLine>
            <TextLine id="r3l24" custom="readingOrder {index:23;}">
                <Coords points="903,1398 929,1398 956,1397 983,1397 1010,1397 1036,1397 1063,1397 1090,1397 1117,1397 1143,1397 1170,1397 1197,1397 1224,1397 1250,1397 1277,1397 1304,1397 1331,1397 1357,1397 1384,1397 1411,1397 1438,1397 1438,1363 1411,1363 1384,1363 1357,1363 1331,1363 1304,1363 1277,1363 1250,1363 1224,1363 1197,1363 1170,1363 1143,1363 1117,1363 1090,1363 1063,1363 1036,1363 1010,1363 983,1363 956,1363 929,1364 903,1364"/>
                <Baseline points="903,1387 929,1387 956,1386 983,1386 1010,1386 1036,1386 1063,1386 1090,1386 1117,1386 1143,1386 1170,1386 1197,1386 1224,1386 1250,1386 1277,1386 1304,1386 1331,1386 1357,1386 1384,1386 1411,1386 1438,1386"/>
                <TextEquiv>
                    <Unicode>de su santo, y le suplica</Unicode>
                </TextEquiv>
            </TextLine>
            <TextLine id="r3l25" custom="readingOrder {index:24;}">
                <Coords points="907,1447 935,1447 963,1446 992,1446 1020,1445 1049,1445 1077,1445 1105,1445 1134,1445 1162,1445 1191,1445 1219,1445 1247,1445 1276,1445 1304,1446 1333,1446 1361,1446 1389,1446 1418,1447 1446,1447 1475,1447 1475,1413 1446,1413 1418,1413 1389,1412 1361,1412 1333,1412 1304,1412 1276,1411 1247,1411 1219,1411 1191,1411 1162,1411 1134,1411 1105,1411 1077,1411 1049,1411 1020,1411 992,1412 963,1412 935,1413 907,1413"/>
                <Baseline points="907,1436 935,1436 963,1435 992,1435 1020,1434 1049,1434 1077,1434 1105,1434 1134,1434 1162,1434 1191,1434 1219,1434 1247,1434 1276,1434 1304,1435 1333,1435 1361,1435 1389,1435 1418,1436 1446,1436 1475,1436"/>
                <TextEquiv>
                    <Unicode>que pase á honrarle su casa</Unicode>
                </TextEquiv>
            </TextLine>
            <TextLine id="line_1601541843210_2007" custom="readingOrder {index:25;}">
                <Coords points="904,1442 1328,1446 1328,1496 904,1492"/>
                <Baseline points="904,1487 1328,1491"/>
                <TextEquiv>
                    <Unicode>con su persona real,</Unicode>
                </TextEquiv>
            </TextLine>
            <TextLine id="r3l27" custom="readingOrder {index:26;}">
                <Coords points="912,1542 938,1542 964,1543 991,1543 1017,1543 1044,1543 1070,1543 1096,1543 1123,1542 1149,1542 1176,1542 1202,1542 1228,1542 1255,1542 1281,1542 1308,1542 1334,1543 1360,1543 1387,1543 1413,1544 1440,1544 1440,1510 1413,1510 1387,1509 1360,1509 1334,1509 1308,1508 1281,1508 1255,1508 1228,1508 1202,1508 1176,1508 1149,1508 1123,1508 1096,1509 1070,1509 1044,1509 1017,1509 991,1509 964,1509 938,1508 912,1508"/>
                <Baseline points="912,1531 938,1531 964,1532 991,1532 1017,1532 1044,1532 1070,1532 1096,1532 1123,1531 1149,1531 1176,1531 1202,1531 1228,1531 1255,1531 1281,1531 1308,1531 1334,1532 1360,1532 1387,1532 1413,1533 1440,1533"/>
                <TextEquiv>
                    <Unicode>que humilde se lo rogaba.</Unicode>
                </TextEquiv>
            </TextLine>
            <TextLine id="r3l28" custom="readingOrder {index:27;}">
                <Coords points="908,1592 933,1591 959,1591 985,1591 1010,1591 1036,1591 1062,1591 1087,1590 1113,1590 1139,1590 1164,1590 1190,1590 1216,1590 1241,1590 1267,1591 1293,1591 1318,1591 1344,1592 1370,1593 1396,1593 1396,1559 1370,1559 1344,1558 1318,1557 1293,1557 1267,1557 1241,1556 1216,1556 1190,1556 1164,1556 1139,1556 1113,1556 1087,1556 1062,1557 1036,1557 1010,1557 985,1557 959,1557 933,1557 908,1558"/>
                <Baseline points="908,1581 933,1580 959,1580 985,1580 1010,1580 1036,1580 1062,1580 1087,1579 1113,1579 1139,1579 1164,1579 1190,1579 1216,1579 1241,1579 1267,1580 1293,1580 1318,1580 1344,1581 1370,1582 1396,1582"/>
                <TextEquiv>
                    <Unicode>Amaneció el dia alegre,</Unicode>
                </TextEquiv>
            </TextLine>
            <TextLine id="r3l29" custom="readingOrder {index:28;}">
                <Coords points="913,1639 938,1639 963,1639 988,1639 1014,1639 1039,1639 1064,1639 1090,1639 1115,1639 1140,1639 1166,1639 1191,1639 1216,1639 1242,1639 1267,1639 1292,1640 1318,1640 1343,1640 1368,1641 1394,1642 1394,1608 1368,1607 1343,1606 1318,1606 1292,1606 1267,1605 1242,1605 1216,1605 1191,1605 1166,1605 1140,1605 1115,1605 1090,1605 1064,1605 1039,1605 1014,1605 988,1605 963,1605 938,1605 913,1605"/>
                <Baseline points="913,1628 938,1628 963,1628 988,1628 1014,1628 1039,1628 1064,1628 1090,1628 1115,1628 1140,1628 1166,1628 1191,1628 1216,1628 1242,1628 1267,1628 1292,1629 1318,1629 1343,1629 1368,1630 1394,1631"/>
                <TextEquiv>
                    <Unicode>poner la carroza manda,</Unicode>
                </TextEquiv>
            </TextLine>
            <TextLine id="r3l30" custom="readingOrder {index:29;}">
                <Coords points="907,1686 933,1687 959,1687 985,1688 1011,1688 1037,1688 1063,1688 1089,1687 1115,1687 1141,1687 1167,1686 1193,1686 1219,1686 1245,1686 1271,1686 1297,1687 1323,1688 1349,1689 1349,1655 1323,1654 1297,1653 1271,1652 1245,1652 1219,1652 1193,1652 1167,1652 1141,1653 1115,1653 1089,1653 1063,1654 1037,1654 1011,1654 985,1654 959,1653 933,1653 907,1652"/>
                <Baseline points="907,1675 933,1676 959,1676 985,1677 1011,1677 1037,1677 1063,1677 1089,1676 1115,1676 1141,1676 1167,1675 1193,1675 1219,1675 1245,1675 1271,1675 1297,1676 1323,1677 1349,1678"/>
                <TextEquiv>
                    <Unicode>y adornóse lo posible</Unicode>
                </TextEquiv>
            </TextLine>
            <TextLine id="r3l31" custom="readingOrder {index:30;}">
                <Coords points="901,1735 930,1736 959,1736 988,1736 1017,1736 1046,1736 1075,1737 1104,1737 1133,1737 1162,1737 1191,1737 1220,1737 1249,1737 1278,1737 1307,1737 1336,1737 1365,1737 1394,1737 1423,1737 1452,1737 1481,1737 1481,1704 1452,1704 1423,1704 1394,1704 1365,1704 1336,1704 1307,1704 1278,1704 1249,1704 1220,1704 1191,1704 1162,1704 1133,1704 1104,1704 1075,1704 1046,1703 1017,1703 988,1703 959,1703 930,1703 901,1702"/>
                <Baseline points="901,1724 930,1725 959,1725 988,1725 1017,1725 1046,1725 1075,1726 1104,1726 1133,1726 1162,1726 1191,1726 1220,1726 1249,1726 1278,1726 1307,1726 1336,1726 1365,1726 1394,1726 1423,1726 1452,1726 1481,1726"/>
                <TextEquiv>
                    <Unicode>desde el cabello á la planta.</Unicode>
                </TextEquiv>
            </TextLine>
            <TextLine id="r3l32" custom="readingOrder {index:31;}">
                <Coords points="907,1785 932,1785 958,1785 983,1785 1009,1785 1034,1785 1060,1785 1085,1785 1111,1784 1137,1784 1162,1784 1188,1784 1213,1783 1239,1783 1264,1783 1290,1783 1316,1783 1316,1750 1290,1750 1264,1750 1239,1750 1213,1750 1188,1751 1162,1751 1137,1751 1111,1751 1085,1752 1060,1752 1034,1752 1009,1752 983,1752 958,1752 932,1752 907,1752"/>
                <Baseline points="907,1774 932,1774 958,1774 983,1774 1009,1774 1034,1774 1060,1774 1085,1774 1111,1773 1137,1773 1162,1773 1188,1773 1213,1772 1239,1772 1264,1772 1290,1772 1316,1772"/>
                <TextEquiv>
                    <Unicode>Triunfante se paseó</Unicode>
                </TextEquiv>
            </TextLine>
            <TextLine id="r3l33" custom="readingOrder {index:32;}">
                <Coords points="908,1834 933,1834 958,1834 983,1834 1009,1834 1034,1834 1059,1834 1084,1834 1110,1834 1135,1834 1160,1834 1186,1834 1211,1835 1236,1834 1261,1834 1287,1834 1312,1834 1337,1833 1363,1833 1363,1799 1337,1799 1312,1800 1287,1800 1261,1800 1236,1800 1211,1801 1186,1800 1160,1800 1135,1800 1110,1800 1084,1800 1059,1800 1034,1800 1009,1800 983,1800 958,1800 933,1800 908,1800"/>
                <Baseline points="908,1823 933,1823 958,1823 983,1823 1009,1823 1034,1823 1059,1823 1084,1823 1110,1823 1135,1823 1160,1823 1186,1823 1211,1824 1236,1823 1261,1823 1287,1823 1312,1823 1337,1822 1363,1822"/>
                <TextEquiv>
                    <Unicode>hasta llegar á la casa</Unicode>
                </TextEquiv>
            </TextLine>
            <TextLine id="r3l34" custom="readingOrder {index:33;}">
                <Coords points="911,1881 936,1881 961,1882 987,1883 1012,1883 1038,1883 1063,1883 1088,1883 1114,1882 1139,1882 1165,1882 1190,1882 1216,1882 1241,1882 1266,1882 1292,1882 1317,1883 1343,1884 1368,1885 1394,1887 1394,1853 1368,1851 1343,1850 1317,1849 1292,1848 1266,1848 1241,1848 1216,1848 1190,1848 1165,1848 1139,1848 1114,1848 1088,1849 1063,1849 1038,1849 1012,1849 987,1849 961,1848 936,1847 911,1847"/>
                <Baseline points="911,1870 936,1870 961,1871 987,1872 1012,1872 1038,1872 1063,1872 1088,1872 1114,1871 1139,1871 1165,1871 1190,1871 1216,1871 1241,1871 1266,1871 1292,1871 1317,1872 1343,1873 1368,1874 1394,1876"/>
                <TextEquiv>
                    <Unicode>del mercader, y apeóse,</Unicode>
                </TextEquiv>
            </TextLine>
            <TextLine id="r3l35" custom="readingOrder {index:34;}">
                <Coords points="909,1930 935,1930 961,1930 987,1930 1013,1930 1039,1930 1065,1930 1091,1930 1118,1930 1144,1930 1170,1930 1196,1930 1222,1931 1248,1931 1274,1931 1300,1930 1327,1930 1327,1896 1300,1896 1274,1897 1248,1897 1222,1897 1196,1896 1170,1896 1144,1896 1118,1896 1091,1896 1065,1896 1039,1896 1013,1896 987,1896 961,1896 935,1896 909,1896"/>
                <Baseline points="909,1919 935,1919 961,1919 987,1919 1013,1919 1039,1919 1065,1919 1091,1919 1118,1919 1144,1919 1170,1919 1196,1919 1222,1920 1248,1920 1274,1920 1300,1919 1327,1919"/>
                <TextEquiv>
                    <Unicode>alegres lo saludaban.</Unicode>
                </TextEquiv>
            </TextLine>
            <TextLine id="r3l36" custom="readingOrder {index:35;}">
                <Coords points="916,1978 942,1978 968,1979 995,1979 1021,1979 1047,1979 1074,1979 1100,1978 1126,1978 1153,1978 1179,1978 1205,1978 1232,1978 1258,1978 1284,1979 1311,1979 1337,1979 1364,1980 1364,1946 1337,1945 1311,1945 1284,1945 1258,1944 1232,1944 1205,1944 1179,1944 1153,1944 1126,1944 1100,1944 1074,1945 1047,1945 1021,1945 995,1945 968,1945 942,1944 916,1944"/>
                <Baseline points="916,1967 942,1967 968,1968 995,1968 1021,1968 1047,1968 1074,1968 1100,1967 1126,1967 1153,1967 1179,1967 1205,1967 1232,1967 1258,1967 1284,1968 1311,1968 1337,1968 1364,1969"/>
                <TextEquiv>
                    <Unicode>El mercader á su hija</Unicode>
                </TextEquiv>
            </TextLine>
            <TextLine id="r3l37" custom="readingOrder {index:36;}">
                <Coords points="911,2029 940,2028 970,2027 999,2027 1029,2026 1059,2026 1088,2026 1118,2026 1147,2026 1177,2026 1207,2027 1236,2027 1266,2027 1295,2028 1325,2028 1355,2029 1384,2029 1414,2029 1443,2029 1473,2029 1503,2029 1503,1995 1473,1995 1443,1995 1414,1995 1384,1995 1355,1995 1325,1994 1295,1994 1266,1993 1236,1993 1207,1993 1177,1992 1147,1992 1118,1992 1088,1992 1059,1992 1029,1992 999,1993 970,1993 940,1994 911,1995"/>
                <Baseline points="911,2018 940,2017 970,2016 999,2016 1029,2015 1059,2015 1088,2015 1118,2015 1147,2015 1177,2015 1207,2016 1236,2016 1266,2016 1295,2017 1325,2017 1355,2018 1384,2018 1414,2018 1443,2018 1473,2018 1503,2018"/>
                <TextEquiv>
                    <Unicode>la ha encerrado en una sala:</Unicode>
                </TextEquiv>
            </TextLine>
            <TextLine id="r3l38" custom="readingOrder {index:37;}">
                <Coords points="914,2076 939,2076 964,2076 990,2076 1015,2075 1040,2075 1066,2075 1091,2075 1116,2075 1142,2075 1167,2075 1192,2076 1218,2076 1243,2076 1268,2076 1294,2076 1319,2077 1344,2077 1370,2077 1370,2043 1344,2043 1319,2043 1294,2042 1268,2042 1243,2042 1218,2042 1192,2042 1167,2041 1142,2041 1116,2041 1091,2041 1066,2041 1040,2041 1015,2041 990,2042 964,2042 939,2042 914,2042"/>
                <Baseline points="914,2065 939,2065 964,2065 990,2065 1015,2064 1040,2064 1066,2064 1091,2064 1116,2064 1142,2064 1167,2064 1192,2065 1218,2065 1243,2065 1268,2065 1294,2065 1319,2066 1344,2066 1370,2066"/>
                <TextEquiv>
                    <Unicode>obedecióle á su padre:</Unicode>
                </TextEquiv>
            </TextLine>
            <TextLine id="r3l40" custom="readingOrder {index:38;}">
                <Coords points="910,2125 936,2125 962,2125 988,2124 1014,2124 1041,2124 1067,2124 1093,2124 1119,2124 1145,2125 1172,2125 1198,2125 1224,2126 1250,2126 1276,2126 1303,2127 1329,2127 1355,2127 1381,2127 1408,2127 1408,2093 1381,2093 1355,2093 1329,2093 1303,2093 1276,2092 1250,2092 1224,2092 1198,2091 1172,2091 1145,2091 1119,2090 1093,2090 1067,2090 1041,2090 1014,2090 988,2090 962,2091 936,2091 910,2091"/>
                <Baseline points="910,2114 936,2114 962,2114 988,2113 1014,2113 1041,2113 1067,2113 1093,2113 1119,2113 1145,2114 1172,2114 1198,2114 1224,2115 1250,2115 1276,2115 1303,2116 1329,2116 1355,2116 1381,2116 1408,2116"/>
                <TextEquiv>
                    <Unicode>mucho puede la crianza,</Unicode>
                </TextEquiv>
            </TextLine>
            <TextLine id="r3l41" custom="readingOrder {index:39;}">
                <Coords points="915,2173 942,2173 969,2173 996,2173 1024,2173 1051,2173 1078,2173 1106,2173 1133,2173 1160,2173 1188,2174 1215,2174 1242,2174 1270,2174 1297,2175 1324,2175 1352,2175 1379,2176 1406,2176 1434,2177 1434,2143 1406,2142 1379,2142 1352,2141 1324,2141 1297,2141 1270,2140 1242,2140 1215,2140 1188,2140 1160,2139 1133,2139 1106,2139 1078,2139 1051,2139 1024,2139 996,2139 969,2139 942,2139 915,2139"/>
                <Baseline points="915,2162 942,2162 969,2162 996,2162 1024,2162 1051,2162 1078,2162 1106,2162 1133,2162 1160,2162 1188,2163 1215,2163 1242,2163 1270,2163 1297,2164 1324,2164 1352,2164 1379,2165 1406,2165 1434,2166"/>
                <TextEquiv>
                    <Unicode>pero mas puede el amor,</Unicode>
                </TextEquiv>
            </TextLine>
            <TextLine id="r3l42" custom="readingOrder {index:40;}">
                <Coords points="913,2223 946,2222 980,2222 1013,2222 1047,2222 1081,2222 1114,2222 1148,2223 1182,2223 1215,2223 1249,2223 1283,2223 1316,2223 1350,2224 1384,2224 1417,2224 1451,2224 1485,2224 1518,2224 1552,2223 1586,2223 1586,2189 1552,2189 1518,2190 1485,2190 1451,2190 1417,2190 1384,2190 1350,2190 1316,2189 1283,2189 1249,2189 1215,2189 1182,2189 1148,2189 1114,2188 1081,2188 1047,2188 1013,2188 980,2188 946,2188 913,2189"/>
                <Baseline points="913,2212 946,2211 980,2211 1013,2211 1047,2211 1081,2211 1114,2211 1148,2212 1182,2212 1215,2212 1249,2212 1283,2212 1316,2212 1350,2213 1384,2213 1417,2213 1451,2213 1485,2213 1518,2213 1552,2212 1586,2212"/>
                <TextEquiv>
                    <Unicode>que son muy grandes sus trazas.</Unicode>
                </TextEquiv>
            </TextLine>
            <TextLine id="r3l43" custom="readingOrder {index:41;}">
                <Coords points="909,2272 936,2272 963,2272 991,2272 1018,2272 1046,2272 1073,2272 1100,2273 1128,2273 1155,2273 1183,2273 1210,2273 1237,2274 1265,2274 1292,2274 1320,2274 1347,2274 1374,2273 1402,2273 1429,2273 1457,2272 1457,2238 1429,2239 1402,2239 1374,2239 1347,2240 1320,2240 1292,2240 1265,2240 1237,2240 1210,2239 1183,2239 1155,2239 1128,2239 1100,2239 1073,2238 1046,2238 1018,2238 991,2238 963,2238 936,2238 909,2238"/>
                <Baseline points="909,2261 936,2261 963,2261 991,2261 1018,2261 1046,2261 1073,2261 1100,2262 1128,2262 1155,2262 1183,2262 1210,2262 1237,2263 1265,2263 1292,2263 1320,2263 1347,2263 1374,2262 1402,2262 1429,2262 1457,2261"/>
                <TextEquiv>
                    <Unicode>Pusieron en fin las mesas </Unicode>
                </TextEquiv>
            </TextLine>
            <TextEquiv>
                <Unicode>á un gran príncipe de España,
que era dueño de la prenda,
que dice su forma y traza.
Movido de la codicia,
le pusieron una casa
adornada con primor,
le remiten dos criadas
dos criados y carroza
compuesta y aderezada. 
El les encarga el secreto,
y es porque así le importaba. 
Se cruzaban los doblones,
los diamantes y las galas.
Sepámos que el mercader
tiene por hija una dama
hermosa á las maravillas,
que es de todos envidiada. 
Llegó el dia de San Juan,
en que previno en su casa
diversidad de manjares
para la funcion que aguarda.
Fué á ver al príncipe, y dióle
las vísperas celebradas
de su santo, y le suplica
que pase á honrarle su casa
con su persona real,
que humilde se lo rogaba.
Amaneció el dia alegre,
poner la carroza manda,
y adornóse lo posible
desde el cabello á la planta.
Triunfante se paseó
hasta llegar á la casa
del mercader, y apeóse,
alegres lo saludaban.
El mercader á su hija
la ha encerrado en una sala:
obedecióle á su padre:
mucho puede la crianza,
pero mas puede el amor,
que son muy grandes sus trazas.
Pusieron en fin las mesas </Unicode>
            </TextEquiv>
        </TextRegion>
    </Page>
</PcGts>
