1765 2512
296 198 319 239 6

175 264 191 295 y
218 256 330 286 cuando
347 254 372 285 lo
384 257 450 284 tuvo
468 253 481 284 á
501 253 609 292 trecho,

175 288 300 325 alzando
316 295 401 324 brazo
433 303 450 333 y
466 295 581 332 espada,

179 339 228 364 tan
252 335 328 364 recio
343 335 424 372 golpe
438 335 462 363 le
478 334 537 366 dió,

178 384 236 413 que
253 374 334 404 corló
350 383 433 404 casco
449 382 465 411 y
482 373 598 414 adarga,

174 422 190 451 y
221 418 303 452 parte
319 413 355 443 de
376 413 402 443 la
423 413 536 443 cabeza.

175 453 251 492 Cayó
262 453 287 483 el
305 453 383 482 Moro
393 452 531 482 ardiendo
547 462 581 483 en
604 453 695 488 rabia,

175 502 192 531 y
211 492 358 522 volviendo
375 501 410 522 en
429 492 474 530 pie
491 492 504 521 á
524 501 654 530 ponerse,

175 532 202 562 le
218 532 266 561 dió
282 541 335 561 con
349 532 374 561 la
391 532 539 561 cimitarra

174 572 190 601 á
209 571 264 600 don
284 571 396 601 Manuel
408 580 441 600 en
460 571 484 600 el
503 570 636 603 hombro,

177 620 248 650 pero
265 620 301 640 no
319 611 344 640 le
361 610 475 639 ofendió
497 620 531 640 en
552 610 637 644 nada;

177 659 193 688 y
211 650 328 680 alzando
350 649 373 679 el
387 650 493 680 invicto
505 649 600 684 brazo,

177 689 203 719 le
220 690 267 719 dió
285 694 332 719 tan
351 698 420 727 gran
443 689 616 724 cuchillada,

175 739 232 766 que
249 729 273 759 la
298 729 400 759 cabeza
417 729 443 758 le
468 728 579 758 hundió

177 769 259 798 hasta
281 777 362 798 cerca
380 768 415 797 de
432 768 456 798 la
476 768 576 798 barba.

176 809 209 837 Al
228 808 357 837 instante
377 807 447 846 cayó
463 808 487 836 el
506 807 596 839 Moro,

177 857 193 885 y
221 848 266 876 alli
286 847 328 877 sin
354 846 481 877 remedio
499 846 598 877 acaba:

176 887 236 916 alzó
252 887 307 916 don
320 886 434 916 Manuel
451 886 493 915 los
505 887 576 924 ojos,

177 935 194 964 y
213 928 226 955 á
239 926 308 956 Dios
331 926 357 955 le
373 925 468 955 rindió
486 926 534 955 mil
553 925 676 964 gracias,

178 974 195 1002 y
215 966 371 995 montando
387 975 421 994 en
440 975 473 994 su
492 965 613 997 caballo,

176 1005 226 1035 fue
251 1006 265 1034 á
279 1005 373 1034 donde
389 1004 431 1033 los
443 1004 494 1033 dos
506 1004 635 1034 estaban.

176 1044 211 1073 El
230 1045 346 1074 Alcaide
362 1053 378 1082 y
398 1044 422 1073 el
439 1043 531 1081 Zegrí,

176 1083 351 1114 blandiendo
382 1083 550 1112 entrambos
565 1082 607 1112 las
627 1082 736 1114 lanzas,

177 1131 208 1152 se
234 1128 426 1153 encontraron
444 1122 485 1151 los
501 1122 636 1155 caballos,

178 1171 194 1200 y
212 1162 254 1191 los
270 1163 321 1192 dos
339 1162 353 1191 á
372 1162 459 1191 tierra
477 1162 579 1196 saltan,

176 1210 195 1239 y
208 1210 261 1231 con
279 1202 303 1231 la
316 1202 419 1240 espada
437 1209 472 1230 en
489 1201 516 1231 la
534 1210 619 1231 mano

177 1241 327 1279 empiezan
355 1249 446 1270 nueva
464 1240 577 1270 batalla.

177 1279 287 1310 Viendo
304 1280 327 1309 el
340 1280 418 1309 Moro
439 1289 494 1317 que
510 1280 535 1309 el
553 1278 669 1309 Alcaide

177 1328 216 1348 no
228 1319 253 1349 le
267 1320 345 1349 cedia
358 1320 480 1357 ventaja,

177 1367 248 1397 muy
265 1358 394 1389 confiado
410 1368 446 1388 en
468 1367 518 1388 sus
535 1358 657 1392 fuerzas,

177 1405 290 1435 porque
315 1407 382 1427 eran
403 1398 599 1436 agigantadas,

177 1447 209 1466 se
222 1437 326 1467 abruzó
342 1446 395 1467 con
409 1438 434 1466 el
451 1437 608 1471 Cristiano,

177 1485 195 1515 y
219 1486 257 1505 un
275 1477 383 1515 grande
401 1481 464 1505 ralo
479 1476 634 1507 luchaban,

178 1516 291 1545 cuando
308 1516 332 1545 el
346 1524 413 1553 muy
431 1520 526 1545 astuto
537 1514 659 1554 Alcayde

175 1563 208 1585 se
223 1555 329 1585 acordo
347 1555 382 1585 de
396 1564 452 1594 que
474 1554 580 1585 llevaba

912 262 951 284 un
975 253 1073 292 puñal,
1087 263 1103 294 y
1122 262 1157 285 en
1172 254 1197 286 el
1207 254 1310 287 sobaco

910 294 1014 332 repitió
1031 295 1082 324 dos
1100 295 1267 333 puñaladas;

909 342 926 371 y
943 334 968 362 el
985 334 1063 363 Moro
1079 343 1147 373 muy
1161 336 1216 364 mal
1228 335 1329 365 herido

907 373 1017 402 furioso
1035 373 1101 403 sacó
1119 383 1174 403 una
1197 374 1268 413 daga

906 421 974 451 para
993 413 1098 443 herirle
1122 423 1136 452 y
1159 423 1195 442 no
1214 413 1308 452 podía,

907 460 960 489 por
972 461 1017 481 ser
1028 453 1052 481 la
1072 453 1135 491 hoja
1150 462 1218 491 muy
1236 454 1340 485 ancha.

907 491 1029 520 Tercera
1046 502 1093 521 vez
1104 492 1127 522 el
1146 492 1262 523 Alcaide

908 530 934 560 le
952 531 1038 560 metió
1051 534 1103 570 pof
1120 541 1175 561 una
1193 532 1288 570 lujada

908 570 934 599 el
952 571 1050 608 puñal,
1069 581 1084 609 y
1099 571 1166 608 cayó
1179 571 1203 600 el
1214 572 1304 602 Moro:

908 618 924 647 y
944 609 989 638 alli
1009 615 1090 640 antes
1107 620 1163 648 que
1190 611 1324 645 acabara,

909 654 1008 686 puesta
1026 649 1050 678 la
1067 650 1164 679 rodilla
1181 650 1205 679 al
1224 650 1326 689 pecho,

909 688 933 717 le
950 688 1043 727 obligó
1060 698 1116 728 que
1141 690 1287 719 confesara

907 726 933 756 la
953 728 1084 758 traición,
1097 738 1111 766 y
1131 738 1188 767 que
1200 728 1240 758 los
1254 729 1357 760 Jueces

907 766 1002 796 viesen
1021 769 1111 806 loque
1127 768 1288 798 declaraba.

907 806 948 835 De
967 812 1047 844 parte
1066 816 1134 845 pues
1152 807 1187 836 de
1208 808 1233 836 la
1252 808 1340 837 Reina

911 846 961 874 mil
981 846 1190 876 instrumentos
1221 847 1348 877 sonaban

908 893 943 913 en
962 886 1040 915 señal
1057 886 1092 915 de
1117 886 1141 915 la
1159 886 1287 916 victoria.

908 924 989 953 Muza
1007 934 1037 953 se
1054 925 1102 954 fue
1118 935 1152 954 en
1173 935 1207 954 su
1224 929 1366 965 compaña

908 972 961 1001 por
978 964 1002 993 el
1013 964 1127 994 Zacatín
1140 965 1247 995 arriba,

908 1003 924 1032 é
942 1003 1007 1033 iban
1032 1003 1198 1033 haciéndole
1215 1004 1291 1035 salva

908 1041 950 1071 los
967 1051 1035 1080 muy
1057 1052 1176 1072 sonoros
1192 1044 1328 1078 clarines,

908 1081 990 1111 hasta
1008 1083 1097 1120 llegar
1110 1084 1123 1111 á
1137 1083 1160 1111 la
1179 1083 1347 1113 Alhambra.

909 1120 962 1149 Alli
980 1122 1081 1151 fueron
1093 1121 1157 1151 bien
1175 1123 1309 1157 curados;

910 1160 933 1189 la
954 1160 1042 1190 Reina
1060 1160 1101 1189 los
1128 1161 1260 1196 visitaba,

909 1199 1104 1230 rindiéndoles
1122 1200 1172 1229 mil
1187 1201 1330 1238 aplausos,

909 1248 925 1276 y
944 1239 969 1268 la
986 1239 1131 1277 siguiente
1149 1244 1269 1269 mañana

909 1278 1095 1313 marcharon,
1115 1288 1166 1316 por
1182 1288 1228 1308 ser
1245 1280 1366 1317 preciso,

909 1325 927 1355 y
943 1318 1036 1356 alegre
1058 1318 1123 1347 toda
1140 1319 1268 1348 Granada

909 1366 963 1386 con
981 1355 1115 1387 rendidas
1131 1359 1309 1396 espresiones

908 1396 934 1426 el
953 1397 1030 1425 valor
1050 1396 1210 1427 victoreaba

908 1435 944 1464 de
960 1435 1001 1465 los
1014 1440 1111 1465 turcos
1129 1446 1189 1465 mas
1203 1437 1330 1466 bizarros

907 1483 942 1504 en
960 1476 985 1504 la
1003 1476 1101 1505 acción
1119 1485 1179 1505 mas
1192 1476 1366 1514 arriesgada.

909 1513 931 1543 Y
948 1522 983 1542 en
1003 1519 1064 1543 otra
1082 1519 1191 1545 tercera
1210 1520 1291 1551 parte

910 1562 941 1582 se
953 1553 1015 1583 dirá
1032 1553 1060 1583 lo
1072 1562 1128 1592 que
1144 1554 1212 1593 aqui
1231 1554 1309 1585 falta.

603 1663 902 1718 TERCERA
931 1663 1160 1717 PARTE.

216 1796 398 1828 Habiéndose
427 1793 581 1833 despedido

177 1838 212 1868 de
224 1837 250 1868 la
268 1837 391 1866 discreta
402 1835 520 1864 Sultana

177 1876 306 1916 aquellos
325 1880 428 1906 cuatro
448 1874 617 1907 Cristianos,

176 1926 234 1955 que
255 1925 290 1945 en
308 1915 333 1944 la
352 1919 415 1944 otra
432 1912 559 1952 segunda
577 1913 659 1952 plana

176 1957 235 1995 dije
252 1964 308 1993 que
320 1955 346 1984 la
363 1952 560 1985 defendieron,

178 1993 301 2033 dejando
317 1993 417 2031 limpia
439 2001 472 2021 su
491 1991 578 2023 fama,

177 2034 273 2064 dando
294 2037 406 2062 muerte
424 2034 438 2061 á
456 2031 498 2060 los
514 2030 617 2064 aleves,

179 2077 237 2113 que
254 2071 395 2102 traidores
411 2071 437 2100 le
454 2070 619 2099 infamaban

178 2113 197 2152 y
214 2111 354 2148 haciendo
366 2119 422 2148 que
434 2118 485 2148 por
501 2118 534 2138 su
552 2109 621 2138 boca

179 2158 239 2183 esta
257 2150 362 2181 verdad
381 2149 559 2178 declararan:

179 2191 274 2230 quedó
291 2195 350 2220 esta
378 2188 463 2217 noble
479 2190 581 2216 señora

177 2240 249 2268 muy
262 2230 344 2259 triste
356 2237 370 2267 y
387 2226 600 2260 desconsolada,

179 2268 326 2301 sintiendo
339 2267 446 2297 mucho
462 2275 496 2295 su
513 2264 658 2300 ausencia;

180 2319 197 2349 y
215 2310 240 2341 al
259 2316 339 2340 verse
357 2312 401 2337 tan
419 2304 561 2346 obligada,

908 1791 1075 1832 agradecida
1087 1792 1211 1831 quisiera

909 1834 934 1863 el
952 1833 1075 1871 partirse
1086 1842 1121 1862 en
1135 1842 1167 1862 su
1197 1835 1348 1871 compaña,

909 1881 978 1911 para
990 1872 1095 1901 recibir
1112 1881 1211 1910 gozosa

909 1920 963 1941 con
979 1911 1001 1940 el
1020 1911 1165 1941 bautismo
1184 1912 1207 1940 la
1221 1911 1329 1949 gracia.

908 1950 981 1979 Tres
996 1954 1066 1980 años
1076 1959 1129 1980 con
1144 1951 1331 1981 desconsuelo

908 1990 994 2023 vivió,
1014 1999 1066 2028 por
1076 1998 1157 2019 verse
1175 1990 1289 2027 privada

908 2028 944 2058 de
970 2034 1030 2058 este
1047 2029 1135 2062 favor,
1155 2029 1234 2058 basta
1252 2033 1331 2058 tanto

909 2076 966 2106 que
982 2068 1007 2097 el
1028 2068 1098 2097 cielo
1116 2068 1196 2097 abrió
1214 2073 1313 2105 puerta
1332 2067 1430 2097 franca

911 2108 925 2136 á
937 2116 986 2136 sus
1003 2108 1080 2137 vivas
1094 2107 1269 2145 diligencias,

911 2155 1021 2184 porque
1031 2147 1056 2176 el
1073 2147 1157 2176 deseo
1168 2146 1289 2185 lograra.

910 2185 944 2215 El
962 2186 1103 2224 Campeón
1133 2186 1292 2217 invencible

909 2232 925 2262 y
944 2224 1067 2254 Católico
1080 2224 1211 2254 Monarca

910 2264 966 2293 don
984 2264 1145 2297 Fernando,
1160 2273 1215 2302 que
1231 2264 1318 2293 ahora
1330 2272 1410 2294 mora

910 2309 992 2334 entre
1004 2303 1146 2343 angélicas
1157 2304 1311 2335 escuadras
