1690 2523
1014 138 1171 178 Número
1200 138 1290 177 347.

361 1151 723 1213 ADMIRABLE
775 1153 1071 1211 HISTORIA

8 1229 48 1264 de
67 1230 136 1264 don
158 1229 277 1265 Cárlos
291 1241 312 1275 y
332 1231 504 1269 Lucinda,
533 1231 717 1266 naturales
750 1231 792 1265 de
832 1230 1012 1268 Valencia,
1045 1240 1066 1273 y
1097 1238 1194 1264 como
1223 1227 1244 1263 á
1264 1238 1310 1263 un
1336 1228 1413 1273 hijo

56 1289 118 1323 que.
144 1279 307 1314 tuvieron
328 1279 486 1314 llamado
506 1279 642 1319 Julián,
668 1279 698 1314 le
717 1277 820 1314 habló
841 1290 889 1314 un
912 1278 1032 1313 Ciervo
1051 1277 1210 1312 saliendo
1227 1275 1247 1312 á
1267 1286 1365 1312 caza.

106 1327 292 1363 Declarase
311 1329 343 1363 lo
362 1338 428 1373 que
450 1328 481 1364 le
503 1328 592 1373 dijo,
617 1339 637 1373 y
657 1329 690 1363 lo
711 1338 775 1373 que
798 1328 944 1373 después
981 1324 1120 1362 sucedió
1140 1324 1162 1361 á
1180 1326 1318 1361 Julián.

504 1475 720 1515 PRIMERA
752 1475 924 1513 PARTE.

90 1571 211 1610 Suene
228 1573 261 1610 el
277 1572 389 1611 clarin
414 1573 461 1610 de
481 1573 512 1612 la
534 1573 627 1613 fama

9 1636 74 1663 con
95 1638 156 1662 sus
176 1638 325 1664 sonoros
347 1632 507 1668 acentos,

0 1692 26 1728 ,y
50 1690 113 1728 por
136 1678 166 1714 la
191 1678 313 1728 región
334 1678 391 1716 del
413 1678 486 1716 aire

8 1743 153 1782 ospaiza
185 1744 245 1769 sus
267 1731 392 1770 dulces
413 1744 509 1770 ecos:

9 1782 88 1838 oiga
111 1784 191 1821 lodo
210 1784 441 1827 enamorado,

10 1835 149 1874 atienda
175 1837 255 1875 todo
277 1838 447 1884 discreto,

12 1889 92 1927 todo
114 1889 218 1939 galán
244 1896 366 1941 presto
386 1890 500 1932 oidos,

12 1941 94 1980 todo
110 1942 221 1994 joven
240 1945 318 1981 esté
339 1949 473 1986 atento,

15 1996 66 2045 los
89 2008 159 2045 que
181 1995 224 2033 de
247 1996 336 2034 finos
353 2010 391 2035 se
415 1996 573 2047 precian,

15 2048 57 2084 de
81 2054 242 2086 amantes
268 2063 286 2100 y
306 2049 518 2092 caballeros,

18 2114 104 2154 pues
122 2101 223 2139 todos
244 2114 289 2140 en
310 2110 385 2140 esta
405 2102 550 2141 historia

20 2154 98 2193 bien
124 2154 264 2205 pueden
281 2160 395 2195 lomar
416 2155 586 2207 ejemplo.

738 1573 792 1611 En
810 1575 841 1611 la
863 1572 991 1610 ciudad
1010 1572 1054 1612 de
1070 1572 1256 1615 Valencia,

738 1629 837 1665 córte
859 1639 879 1676 y
900 1626 1060 1676 emporio
1082 1625 1138 1662 del
1160 1624 1260 1662 reino

737 1678 973 1720 Valenciano,
1003 1677 1120 1716 donde
1137 1677 1282 1716 habitan

740 1738 856 1772 tantas
877 1731 1039 1769 envidias
1060 1730 1104 1768 de
1120 1731 1258 1773 Venus;

740 1799 830 1836 pues
852 1786 904 1823 las
926 1784 1049 1822 damas
1071 1796 1141 1834 que
1166 1782 1326 1834 produce

741 1852 805 1877 son
827 1839 870 1876 de
888 1838 993 1887 aquel
1016 1836 1145 1887 cupido
1162 1838 1264 1886 ciego

741 1892 877 1930 flechas
899 1890 1052 1928 doradas
1073 1903 1092 1941 y
1110 1889 1241 1940 aljaba,

741 1958 808 1983 con
831 1957 900 1995 que
922 1943 1021 1993 logra
1042 1956 1103 1981 sus
1125 1942 1274 1980 trofeos:

740 1998 796 2036 En
814 2004 889 2036 esta
910 1997 1006 2035 bella
1036 1995 1180 2037 ciudad,

745 2051 790 2089 de
812 2050 958 2101 Chipre,
979 2049 1097 2099 jardín
1118 2060 1259 2090 ameno,

745 2117 792 2142 un
814 2103 994 2142 caballero
1015 2102 1104 2140 vivia

746 2157 790 2195 do
812 2157 863 2196 los
885 2156 1011 2195 nobles
1036 2155 1078 2193 de
1095 2154 1198 2206 aquel
1216 2153 1330 2194 reino;
