1680 2436
228 138 248 172 8

123 186 167 222 de
186 186 237 221 las
257 185 372 231 perlas
392 196 461 229 que
479 195 540 220 sus
559 186 635 231 ojos

124 236 358 270 derramaban
389 233 609 273 bulliciosas,

124 284 142 328 y
164 281 367 329 llegándose
388 282 468 317 bien
492 293 609 323 cerca,

126 323 158 367 íe
179 333 269 370 dice,
291 332 415 366 blanca
432 331 585 377 paloma,

121 380 177 416 tén
205 381 337 419 animo,
363 381 481 414 dueño
507 381 591 420 mió,

125 440 195 475 que
214 430 258 463 mi
282 430 420 464 fortuna
443 428 589 464 dichosa

127 480 145 513 á
168 484 222 514 tus
237 478 372 524 plantas
395 488 450 512 me
468 478 510 512 lia
528 478 640 512 traído

126 538 210 573 para
228 528 348 562 aliviar
365 532 418 561 tus
439 526 620 572 congojas,

128 581 299 611 entonces
325 575 439 610 volvió
456 575 507 609 los
525 574 613 620 ojos,

129 637 145 670 y
168 625 237 670 dijo
262 635 343 670 muy
362 624 536 658 animosa:

129 680 150 709 ó
171 684 207 708 es
233 673 358 708 ilusión
375 674 405 707 lo
423 683 491 717 que
512 673 614 709 miro,

130 724 150 758 ó
171 723 210 757 D.
235 722 341 767 Diego
368 732 406 756 se
427 730 484 755 me
505 721 636 767 antoja:

129 772 181 807 No
203 782 239 806 es
256 772 396 809 ilusión,
415 770 445 804 le
465 770 640 816 responde

132 821 179 854 mi
198 820 291 859 bien,
314 820 361 854 mi
385 818 464 853 vida
481 829 499 863 y
518 819 563 852 mi
585 819 712 864 gloria,

133 879 202 914 que
223 874 318 914 estoy
331 866 507 903 sintiendo
530 869 585 901 tus
604 867 715 902 males

132 929 151 963 y
173 928 233 963 soy
254 917 284 951 el
310 926 376 962 que
402 926 477 951 mas
499 921 530 950 te
552 916 671 951 adora:

134 978 152 1001 v
182 966 384 1001 corlándole
408 965 456 999 las
476 965 639 1005 cuerdas,

134 1025 203 1060 que
222 1014 394 1060 oprimían
416 1024 457 1047 su
477 1023 640 1058 persona,

135 1065 167 1098 la
191 1064 248 1098 í'ué
268 1063 421 1098 sacando
445 1072 488 1097 en
509 1073 569 1096 sus
585 1063 708 1099 brazos

136 1113 179 1148 de
199 1112 335 1159 aquella
356 1121 524 1158 espesura
546 1116 656 1152 tosca,

850 184 947 219 hasta
969 194 1037 230 que
1056 184 1151 229 llegó
1173 183 1188 217 á
1211 194 1277 218 una
1299 185 1436 229 quinta*

850 234 967 268 donde
981 245 1021 268 su
1035 233 1174 268 caballo
1196 237 1304 273 toma,

851 293 869 327 y
891 293 955 317 con
972 293 1010 316 su
1032 282 1163 324 prenda
1185 281 1329 327 querida

852 332 952 366 entró
973 332 1091 375 alegre
1106 341 1148 364 en
1168 330 1353 376 Zaragoza;

852 390 871 425 y
891 380 906 414 á
932 380 960 414 la
982 390 1060 415 ca>a
1084 378 1128 414 do
1147 388 1207 413 sus
1227 379 1357 413 Padres

854 429 884 462 la
906 428 997 463 llevó
1018 439 1082 463 con
1105 427 1233 462 mucha
1255 427 1377 467 honra,

853 477 870 510 á
893 477 1025 523 tiempo
1048 488 1116 522 que
1132 488 1169 522 ya
1191 477 1316 511 venían

853 525 894 560 D.
913 526 1000 560 Juan
1017 526 1060 561 de
1077 526 1179 565 Laca,
1213 536 1231 571 y
1251 536 1292 559 su
1314 530 1425 569 tropa,

851 586 872 623 v
891 575 906 608 á
923 575 962 609 D.
985 574 1107 611 Martin
1126 574 1235 609 traían
1259 580 1410 613 muerto,

854 634 920 667 que
940 634 981 658 en
995 624 1025 657 el
1049 629 1166 657 monte
1186 633 1224 657 se
1246 623 1276 656 lo
1297 626 1415 667 topan,

851 673 903 707 sin
925 673 1027 707 saber
1047 672 1151 716 quien
1171 672 1205 706 lo
1226 671 1332 709 mató,

854 723 886 755 ni
904 722 946 755 de
965 721 1034 755 ello
1053 721 1201 756 hubiese
1217 720 1400 757 memoria';

854 782 872 816 y
892 771 908 805 á
928 770 968 804 D.
992 770 1100 815 Diego
1117 770 1150 803 le
1170 769 1357 803 abrazaron

855 829 920 853 con
938 828 1022 863 gran
1043 817 1188 853 bizarría
1208 828 1227 862 y
1250 827 1390 861 pompa,

855 878 874 912 y
893 868 935 902 de
952 867 1051 901 lodos
1072 868 1088 900 á
1112 876 1180 901 una
1196 875 1258 899 voz

856 916 1007 961 Víctores
1028 927 1045 961 y
1060 915 1224 961 aplausos
1246 913 1360 959 logra,

856 976 877 1005 y
895 967 924 999 al
946 965 1032 1000 cabo
1054 964 1097 998 de
1116 973 1223 1005 pocos
1245 961 1319 997 dias

857 1024 895 1049 se
907 1013 1113 1048 celebraron
1136 1013 1187 1046 las
1209 1011 1333 1049 bodas,

860 1063 974 1096 donde
996 1064 1095 1096 viven
1119 1072 1199 1105 muy
1218 1063 1381 1105 gustosos

861 1111 900 1146 D.
926 1112 1034 1157 Diego
1054 1122 1072 1157 y
1092 1121 1131 1145 su
1151 1109 1283 1155 prenda
1306 1109 1466 1143 hermosa

801 1706 905 1762 FIN
650 2228 872 2264 CARMONA:
880 2229 1036 2263 —1874.

147 2275 234 2323 Imp.
261 2287 276 2322 y
298 2275 358 2312 lib.
378 2274 423 2312 de
438 2275 577 2316 Manuel
594 2278 732 2314 Belloso
754 2290 769 2324 y
795 2278 935 2314 Moreno
957 2275 1295 2325 (menor.)-^Madre
1317 2273 1360 2309 de
1384 2273 1477 2313 Dios,
1503 2273 1534 2308 i.
