1804 2567
1394 191 1610 228 Núm. 149.
593 291 1373 328 ANA CONTRERAS.
289 1300 1705 1336 PRIMERA PARTE, DONDE SE DA CUENTA Y DECLARA
334 1391 1708 1425 como una mujer llamada ANA CONTRERAS, inducida del demo-
334 1440 1702 1473 nio, dió muerte á su marido y á dos hijos por amores de su ga-
343 1488 1709 1522 lán; refierese como fueron descubiertos y ajusticiados en la ciudad
335 1536 1417 1572 de Valencia; con lo demas que verá el curioso lector.
344 1630 790 1665 Atemorícese el mundo,
293 1675 759 1710 tiemble todo lo criado,
295 1718 823 1754 montañas, bosques y riscos,
301 1765 831 1799 los valles, selvas y prados;
297 1807 793 1842 los mas bravos animales,
304 1852 888 1888 que por los montes campando
303 1894 799 1929 andan de dia y de noche
293 1938 793 1973 haciendo notables daños.
296 1981 798 2017 Tambien el tigre soberbio,
304 2026 824 2063 tambien el leon coronado,
306 2071 722 2108 las avecillas parleras
303 2116 816 2149 con sus vuelos remontados
298 2159 789 2194 paren sus cantos sonoros,
301 2204 801 2240 y el soberbio mar salado
305 2249 807 2283 con su máquina de peces
305 2293 776 2326 suspéndase por un rato.
296 2340 817 2372 Hombres, mugeres y niños,
1024 1630 1576 1665 atiendan mientras que canto
1032 1675 1514 1709 la historia mas lastimosa,
1024 1719 1514 1752 el mas horroroso estrago
1027 1763 1532 1796 que han oido los nacidos
1017 1806 1534 1842 y conocieron los ancianos,
1024 1853 1545 1886 y porque sirva de ejemplo
1038 1894 1462 1930 para los amancebados,
1023 1938 1438 1972 es digno de referirlo
1024 1982 1456 2018 este paso tan amargo.
1025 2028 1452 2061 Mugeres escandalosas,
1032 2066 1568 2106 escarmentad en estos casos,
1029 2117 1519 2150 temed de Dios el castigo,
1035 2160 1518 2193 dejad los trajes profanos:
1025 2204 1555 2237 ¡ó cuantos por las mugeres
1028 2249 1562 2282 se hallan en reinos estraños!
1024 2294 1496 2327 otros están en presidios
1028 2338 1523 2374 y en carceles encerrados
