1737 2508
477 564 1525 610 SEGUNDA PARTE.
301 801 1734 852 EN QUE SE PROSIGUEN LOS
298 903 1716 954 Sucesos de Rosaura y D. Antonio
304 1004 1706 1053 Narvaez:dáse cuenta de varios lan-
300 1105 1704 1154 ces,y como se la trajo á Córdoba,
306 1205 1705 1253 donde se desposaron, y lo demas
482 1305 1533 1354 que verá el curioso lector.
356 1484 913 1536 Ya dije en la primera parte
301 1534 800 1584 como quedé tan absorto
301 1580 759 1631 en Cordoba, sin saber
298 1629 870 1680 de Rosaura, y de este modo
301 1677 807 1727 adquirí algunas noticias:
300 1728 784 1778 sagaz, astuto y mañoso
298 1775 680 1826 solicité la amistad
301 1823 867 1875 muy estrecha con un mozo
300 1867 767 1919 de la casa de Rosaura;
308 1922 844 1972 y éste me dijo á mi, como
302 1968 794 2018 á Madrid se la llevaron:
300 2017 802 2068 aqui quedé mas absorto,
307 2065 852 2119 por saber de que su padre
305 2113 753 2163 la prometió afectuoso
303 2161 833 2211 en Madrid á un caballero:
1033 1482 1537 1536 á buscarla me dispongo;
1033 1530 1490 1580 y un amigo me prestó
1034 1577 1515 1629 cincuenta pesos en oro.
1039 1626 1523 1678 Y disponiendo el viage,
1033 1676 1551 1726 al punto el camino tomo:
1030 1725 1572 1777 salgo de Córdoba, y entro
1039 1774 1488 1824 en aquel espeso toldo
1036 1819 1598 1876 de la gran Sierra—Morena,
1033 1873 1509 1928 aquel pirámide bronco,
1033 1920 1521 1972 aquella torre de ramas,
1033 1969 1438 2020 aquel paraiso tosco
1031 2013 1499 2069 de fragantes azucenas;
1037 2064 1621 2116 busco á Rosaura en troncos;
1035 2115 1483 2165 loco sin sentido digo:
1035 2163 1716 2213 montes, aves, fieras, mónstruos,
