1692 2468
1123 140 1373 180 Núm. 147.)
171 1120 1472 1165 TROVOS MODERNOS,
114 1225 1529 1268 en los que manifiesta un galan à su dama el
280 1296 1370 1340 mucho amor que le tiene, con otros
609 1365 1042 1404 muy curiosos.
524 1546 947 1581 Del árbol del paraiso
491 1595 965 1632 he de cojer nueve hojas,
483 1643 975 1680 tres Anas y tres Marías,
492 1691 941 1729 tres Isabeles preciosas.
165 1790 549 1828 Hermosísimo lucero,
121 1840 511 1875 no te puedo merecer,
119 1886 629 1924 porque el padre que te hizo
128 1936 528 1972 tiene la gracia y poder
127 1984 551 2022 del árbol del paraiso.
180 2032 652 2068 A mí me mandan que coja
131 2081 549 2117 del jardin la mejor flor,
127 2128 633 2166 tengo de ir de hoja en hoja,
117 2177 584 2220 y por complacer mi amor
128 2225 611 2264 he de cojer nueve hojas.
898 1785 1408 1824 Quisiera ser rey de Hungria
851 1836 1191 1876 y poderte merecer,
854 1884 1207 1918 que yo te bautizaria
853 1931 1182 1965 y volveria á poner
854 1981 1347 2016 tres Anas y tres Marias.
901 2028 1361 2063 Por Dios te pido graciosa,
859 2076 1293 2112 que me tengas voluntad,
859 2124 1256 2159 te regalaré tres cosas,
854 2172 1244 2207 te daré un fino collar,
860 2220 1310 2258 tres Isabeles preciosas.
