1600 2408
1053 130 1327 173 (Número 141.)
142 1153 1342 1201 ROSAURALA DE TRUJILLO.
48 1255 1463 1300 Curioso romance, en que se refiere un lastimoso caso que sucedió
138 1305 1358 1350 á una doncella llamada Rosaura, en la ciudad de Trujillo.
92 1435 720 1484 Sobre una alfombra de flores,
48 1485 684 1534 cercada de hermosas plantas,
48 1532 460 1571 adonde las avecíllas
46 1580 594 1626 tienden sus pintadas álas,
42 1631 501 1670 y con música alegre
48 1678 642 1723 al Rey del cielo dan gracias;
48 1726 576 1770 en aqueste prado ameno;
52 1775 622 1820 en este mar de abundancia,
44 1824 576 1866 en este pecho que cubre
48 1871 560 1915 dos mil aflijidas causas,
47 1921 578 1964 como las que os contaré
54 1969 645 2014 si el Cielo Santo me ampara:
53 2018 605 2060 porque se sepa su nombre
47 2067 556 2109 será preciso nombrarla.
47 2115 604 2160 En la gran Sierra-Morena,
47 2164 556 2207 de tantos delitos capa,
52 2213 648 2258 amparo de aquel que ofende,
778 1444 1312 1487 defensa del que mal anda,
778 1494 1300 1534 me puse sentado un dia,
778 1541 1310 1581 canzado de andar á caza,
775 1589 1347 1631 arrimado á un duro tronco,
775 1638 1386 1680 discurriendo en cosas varias,
774 1686 1227 1723 quejoso de la fortuna
773 1735 1357 1775 que con rigor me maltrata.
777 1783 1233 1821 Oí una voz temerosa
767 1832 1362 1874 que sonaba en la montaña,
777 1880 1340 1919 á orillas de un arrolluelo
779 1929 1390 1970 que con las breñas se enlaza.
774 1978 1274 2018 Estuve atento por ver,
774 2026 1350 2069 si era de persona humana,
775 2077 1289 2114 y comprendí que decia
776 2125 1314 2161 estas siguientes palabras:
777 2171 1416 2214 «Tirano amor pues tú has sido,
769 2221 1332 2268 la causa de mi desgracia,
