2480 3506
1159 130 1521 238 Número 306.
216 1283 1435 1344 DOÑA TERESA DE LLANOS
158 1442 778 1555 Presteme silencio el mundo,
107 1496 777 1603 mientras que voy esplicando
112 1556 644 1645 de una muger los arrojos,
117 1604 578 1680 valentías y desgarros.
104 1652 774 1750 En la Ciudad de Valencia,
112 1711 560 1787 cuyo circulo y espacio
106 1759 367 1836 adornó Febo con luces
112 1801 574 1887 de sus eminentes rayos
108 1844 675 1941 nació de padres muy nobles
110 1907 583 1986 Doña Teresa de Llanos
104 1946 537 2032 tan virtuosa y afable,
103 2016 770 2096 como honesta en su recato.
99 2054 743 2145 Se infundió en su corazon
107 2095 772 2179 el valor mas arrojado,
113 2149 407 2212 que se la visto en criatura,
103 2199 625 2282 ni han oido los humanos.
843 1459 1517 1557 Murió su padre y su madre,
839 1525 1519 1601 y en poder de dos hermanos
835 1576 1518 1647 quedó: y viéndose muger
847 1629 1513 1700 de edad de unos veinte años,
843 1672 1479 1753 por no sugetarse à nadie,
837 1719 1288 1790 procuró tomar estado
847 1748 1359 1836 con un mozo bien nacido;
843 1814 1512 1899 mas al fin se lo estorvaron
845 1864 1368 1944 sus hermanos, y la dicen;
846 1914 1336 1992 con bastantes amenazos,
847 1968 1339 2032 que si se casa con él,
844 2012 1357 2089 han de procurar matarlo;
839 2060 1409 2131 porque no es gusto de ellos,
843 2118 1511 2192 mas al fin lo ejecutaron.
835 2160 1374 2232 La dama, asi que lo supo,
841 2209 1434 2291 toma al Cielo con las manos;
