1737 2508
195 206 266 236 esta
291 204 432 247 congoja
460 210 515 235 me
548 201 680 241 ofende,

196 257 213 288 y
249 251 320 281 esta
355 247 507 282 aflicción
542 255 597 279 me
627 245 802 285 contrista,

193 300 256 324 con
285 292 334 332 ljas
362 291 514 334 palabras
546 299 611 332 que
644 290 785 324 hablaba

192 335 242 368 las
272 325 404 378 piedras
435 335 641 374 enternecía,

193 389 210 420 y
242 381 274 413 al
308 380 493 427 ^mrmullo
518 389 582 422 que
607 378 780 413 formaban

193 424 242 457 los
270 434 334 466 que
361 435 402 458 en
436 424 610 466 compañía
642 424 718 456 iban

195 468 235 501 de
260 470 399 502 sollosos
428 478 444 510 y
468 468 626 510 suspiros,

194 522 270 554 ayes
302 522 367 555 que
404 513 434 545 al
461 512 576 546 viento
611 511 798 554 esparcían,

194 567 254 599 por
289 557 337 590 las
367 557 468 590 calles
492 566 557 599 que
584 556 741 599 pasaban,

195 601 213 634 á
241 604 289 636 las
320 606 484 635 ventanas
511 600 629 640 salían,

195 645 449 688 acompañando
478 654 519 678 en
549 646 579 678 el
613 646 730 679 llanto.

194 689 295 732 Llegó
331 699 389 731 por
424 690 467 722 fin
496 689 525 721 la
558 689 681 723 noticia

195 735 226 767 al
257 734 359 777 padre
389 743 454 776 que
484 732 565 765 salió
586 742 628 766 en
663 734 765 768 breve

195 777 213 810 á
249 778 373 812 recibir
404 777 422 811 á
446 786 485 810 su
518 777 597 818 hija.

196 822 323 856 Viendo
344 831 408 865 que
434 825 490 854 tan
525 822 725 857 deshonesto

197 871 290 908 trage
316 871 412 900 entre
443 866 473 900 el
505 868 650 901 tumulto
685 869 751 907 iba,

196 911 283 952 llegó
311 911 328 944 á
359 911 437 948 ella,
471 920 488 951 y
520 919 582 943 con
623 921 763 954 penosas

197 955 306 988 ansias
333 954 364 987 la
401 955 480 996 dijo:
512 954 580 996 hija
616 956 695 996 mia,

197 1009 241 1032 no
277 1003 309 1032 te
343 999 459 1041 aflijas,
490 1007 571 1041 pues
600 1009 638 1041 yo
668 1004 768 1043 tengo

197 1053 238 1076 en
269 1053 314 1076 un
348 1044 466 1076 rincón
502 1044 683 1078 escondida

196 1087 228 1120 la
254 1097 333 1129 ropa
372 1097 437 1129 que
468 1090 501 1120 le
535 1088 692 1129 quitaste,

198 1133 330 1164 cuando
362 1132 402 1164 de
433 1132 504 1172 gala
538 1133 677 1173 vestida,

198 1179 231 1209 te
262 1176 375 1209 saliste
393 1176 433 1208 de
463 1175 509 1207 mi
538 1185 612 1209 casa

198 1229 261 1252 con
289 1223 450 1253 contento
486 1229 503 1261 y
532 1220 669 1261 alegría;

198 1273 277 1305 para
299 1273 352 1297 ser
381 1263 456 1296 feliz
499 1272 614 1306 esposa

199 1308 251 1341 del
285 1306 443 1351 marqués
468 1316 533 1349 que
567 1311 603 1341 tu
642 1307 798 1343 desdicha

198 1352 268 1384 sola
300 1362 354 1385 esa
389 1353 455 1384 fue.
493 1352 515 1392 Y
526 1388 536 1392 „
545 1352 607 1385 ella
640 1353 717 1395 dijo:

199 1396 301 1437 padre
339 1396 406 1429 mió
437 1394 478 1428 de
504 1394 549 1428 mi
584 1396 670 1436 vida,

199 1448 242 1472 no
272 1439 318 1473 fui
347 1449 386 1481 yo
415 1441 443 1472 la
481 1439 692 1480 desdichada,

199 1493 264 1525 que
292 1484 392 1526 quien
416 1487 497 1517 tuvo
526 1484 556 1516 la
591 1484 747 1519 desdicha

198 1528 254 1561 fue
281 1530 327 1561 mi
351 1536 481 1571 esposo,
515 1537 579 1570 que
602 1528 717 1564 casóse

200 1581 263 1605 con
292 1581 360 1605 una
393 1581 458 1615 que
489 1581 532 1605 no
567 1573 651 1605 valia

201 1620 295 1649 tanto
321 1626 418 1650 como
448 1615 491 1655 él,
521 1625 575 1649 esa
601 1616 657 1649 fué

200 1661 246 1693 mi
272 1662 405 1694 fortuna
435 1670 453 1701 y
484 1669 520 1693 su
548 1660 717 1695 desdicha.

201 1705 226 1736 Y
251 1714 328 1747 para
354 1705 472 1738 aliviar
502 1714 540 1737 su
559 1714 657 1746 pena,

201 1757 244 1781 no
275 1749 430 1782 obstante
461 1748 501 1782 de
533 1758 597 1790 que
632 1759 669 1791 yo
696 1749 784 1787 viva,

199 1794 344 1834 permito
369 1795 400 1827 el
426 1794 510 1835 Papa
539 1796 612 1826 otra
642 1803 758 1836 esposa

201 1837 219 1869 á
249 1838 294 1869 mi
322 1847 452 1879 esposo,
480 1846 605 1879 porque
634 1838 720 1871 sirva

202 1881 242 1913 de
271 1890 329 1923 paz
364 1891 381 1923 y
411 1881 547 1924 quietud
580 1880 597 1914 á
628 1882 732 1916 todos.

198 1925 245 1957 Yo
275 1935 385 1968 vengo
414 1935 477 1959 con
508 1926 634 1966 alegría

197 1967 216 2001 á
243 1974 380 2003 vuestra
413 1979 502 2009 casa,
538 1972 651 2009 señor,

199 2022 276 2055 para
301 2014 418 2047 volver
449 2013 465 2047 á
499 2015 528 2047 la
555 2014 627 2047 vida

199 2066 297 2090 como
319 2059 437 2092 fueron
467 2059 529 2091 mis
554 2059 748 2102 principios,

200 2106 298 2134 entre
329 2103 470 2144 pobreza
513 2102 650 2136 metida.

200 2144 374 2180 Llevósela
403 2148 433 2180 el
462 2147 562 2189 padre
593 2148 611 2180 á
643 2156 730 2188 casa,

201 2198 219 2229 y
252 2190 291 2223 de
322 2191 472 2225 humilde
494 2191 673 2234 pastorcita

201 2234 293 2267 tomó
320 2239 392 2269 otra
421 2245 480 2269 vez
512 2237 543 2269 el
569 2236 710 2270 vestido.

202 2279 344 2314 Pasados
370 2280 511 2323 algunos
539 2281 609 2314 dias

205 2322 303 2356 énvió
334 2324 365 2358 el
394 2324 551 2367 marqués
579 2325 736 2360 Guallero

204 2366 223 2400 á
253 2368 284 2401 la
312 2369 407 2404 aldea
439 2369 580 2405 referida

1434 155 1452 186 7

915 210 960 234 un
989 208 1085 242 page,
1117 204 1135 241 y
1162 198 1228 241 dijo
1265 197 1283 230 á
1318 197 1482 234 Griselda,

914 254 980 287 que
1010 243 1082 278 esté
1110 252 1151 277 en
1171 242 1298 285 palacio
1326 243 1343 275 á
1369 246 1444 275 otro
1464 242 1515 276 dia

914 289 955 322 de
976 290 1131 327 mañana,
1160 296 1286 329 porque
1316 285 1474 329 importa.

914 332 1041 366 Viendo
1071 340 1179 365 nueva
1210 334 1266 364 tan
1298 330 1441 373 precisa,

913 377 967 411 dió
999 376 1030 411 el
1058 375 1100 414 sí;
1124 386 1142 417 y
1169 375 1200 408 el
1229 383 1429 417 mensagero

912 431 989 462 para
1020 420 1145 460 palacio
1180 419 1301 452 volvía.

912 465 979 499 Fué
1010 464 1168 503 Griselda,
1205 472 1223 505 y
1254 463 1271 496 á
1303 472 1341 496 su
1373 471 1503 506 esposo,

914 508 1045 543 cuando
1065 511 1221 550 presente
1245 508 1276 540 la
1309 507 1406 546 mira,

915 564 976 587 con
1011 552 1182 586 humildad
1199 551 1351 585 cariñosa

917 598 958 631 de
984 600 1053 630 esta
1088 601 1200 630 suerte
1223 596 1255 629 le
1280 595 1386 629 decía’:

918 642 1096 675 mándame
1124 650 1240 682 esposo
1270 649 1288 681 y
1322 642 1435 677 señor,

916 695 957 719 en
982 694 1047 727 que
1078 684 1257 718 humillada
1280 687 1313 717 te
1341 683 1429 716 sirva

916 740 981 771 que
1005 729 1049 762 mi
1083 733 1179 771 gusto
1207 738 1242 762 es
1269 728 1509 770 complacerte.

916 774 986 816 Dijo
1010 773 1181 811 Guallero;
1216 782 1297 814 pues
1332 772 1432 809 mira,

918 821 1061 852 mañana
1093 817 1189 851 viene
1218 816 1263 849 mi
1288 825 1402 858 esposa

917 872 980 896 con
1015 861 1088 895 toda
1119 871 1157 894 su
1184 861 1341 895 comitiva

918 906 954 939 tú
985 907 1043 938 has
1067 906 1106 938 de
1133 905 1288 948 disponer
1311 905 1359 938 las
1389 914 1498 938 mesas

918 960 997 992 para
1025 949 1056 982 la
1088 949 1171 983 boda
1198 948 1322 982 lucida,

919 995 1032 1027 llizolo
1057 1003 1119 1027 con
1151 993 1335 1032 humildad;

920 1038 1019 1081 quién
1055 1037 1108 1072 del
1133 1047 1209 1072 caso
1244 1047 1286 1070 no
1310 1046 1346 1071 se
1377 1037 1519 1071 admiral

918 1086 945 1115 A
975 1087 1049 1116 otro
1074 1082 1125 1115 dia
1162 1083 1203 1116 de
1230 1084 1376 1115 mañana

919 1127 1008 1168 llegó
1034 1127 1065 1159 la
1089 1135 1171 1168 gran
1198 1126 1355 1159 comitiva

920 1180 984 1203 con
1009 1170 1039 1203 la
1064 1171 1160 1203 novia
1192 1170 1245 1203 del
1279 1169 1450 1212 marqués.

918 1214 1007 1248 Salió
1042 1223 1122 1256 pues
1148 1213 1166 1247 á
1189 1214 1345 1247 recibirla

918 1260 1017 1301 aquel
1043 1259 1104 1292 Job
1138 1259 1179 1292 de
1214 1258 1245 1292 la
1273 1257 1459 1300 paciencia,

918 1312 936 1344 y
967 1302 1052 1336 dióla
1078 1303 1108 1336 la
1132 1303 1331 1336 bienvenida

919 1356 1017 1381 como
1041 1347 1089 1379 los
1122 1347 1249 1384 demás,
1273 1348 1395 1388 alegre.

922 1392 982 1431 ¡Oh
1004 1400 1155 1433 pasmosa
1183 1391 1369 1424 maravilla!

921 1436 1124 1468 Sentáronse
1156 1434 1174 1467 á
1209 1443 1335 1473 comer,

921 1488 939 1520 y
968 1480 1031 1513 ella
1055 1478 1072 1511 á
1107 1479 1137 1511 la
1166 1487 1256 1511 mesa
1286 1478 1407 1517 servia,

921 1523 1031 1557 donde
1060 1523 1177 1556 fueron
1206 1522 1358 1556 asistidos

921 1577 986 1600 con
1005 1568 1035 1600 la
1062 1567 1270 1601 ostentación
1303 1567 1436 1602 debida.

922 1612 948 1644 Y
970 1610 1135 1644 habiendo
1159 1611 1243 1644 dado
1274 1610 1291 1645 á
1313 1611 1388 1644 Dios
1419 1611 1549 1653 gracias

924 1655 989 1697 dijo
1020 1656 1050 1688 el
1074 1654 1228 1697 marqués
1253 1664 1317 1699 que
1339 1656 1455 1698 quería

922 1699 1026 1733 hacer
1052 1699 1105 1732 alli
1132 1709 1215 1733 unas
1246 1704 1443 1743 preguntas,

924 1753 989 1785 que
1014 1753 1055 1777 no
1083 1744 1214 1786 dejasen
1245 1754 1302 1779 sus
1326 1745 1429 1777 sillas.

922 1787 1036 1821 Llamó
1067 1792 1228 1823 entonces
1251 1789 1268 1823 á
1301 1789 1450 1823 Griselda

922 1842 941 1873 y
971 1841 1124 1865 amoroso
1150 1833 1180 1865 la
1203 1833 1309 1870 decia;

923 1876 1083 1916 Griselda,
1117 1876 1181 1919 qué
1203 1881 1235 1911 te
1259 1886 1381 1920 paroce

923 1921 963 1955 de
995 1920 1040 1954 mi
1061 1923 1193 1963 esposa?
1216 1931 1259 1955 no
1282 1932 1318 1955 es
1348 1931 1427 1964 muy
1452 1921 1560 1956 linda?

922 1975 967 1999 no
987 1973 1025 1998 es
1054 1966 1244 2007 agraciada?
1267 1976 1312 2000 no
1332 1976 1366 2000 es
1390 1966 1480 2000 bella

920 2020 959 2044 su
983 2010 1189 2051 perfección?
1223 2021 1241 2054 y
1265 2021 1308 2045 no
1337 2020 1372 2044 es
1401 2011 1482 2045 cifra

921 2055 962 2088 de
991 2056 1020 2087 la
1046 2054 1254 2095 hermosura,
1279 2066 1315 2089 su
1349 2057 1494 2097 cuerpo?

923 2100 950 2132 Y
977 2100 1041 2133 ella
1067 2103 1228 2134 entonces
1256 2101 1296 2134 de
1327 2099 1463 2134 rodillas

922 2143 988 2186 dijo
1022 2143 1153 2178 delante
1192 2145 1232 2178 de
1261 2145 1368 2179 lodos:

922 2194 1035 2224 señor,
1067 2188 1165 2232 juzgo
1191 2199 1256 2232 que
1277 2199 1318 2223 en
1343 2189 1390 2222 mi
1417 2189 1492 2223 vida

922 2244 967 2268 no
997 2235 1040 2268 he
1064 2233 1149 2268 visto
1170 2236 1204 2268 ni
1232 2243 1348 2277 espero
1374 2242 1434 2267 ver

923 2279 959 2312 ni
990 2279 1023 2313 el
1052 2278 1143 2312 claro
1168 2280 1218 2313 sol
1241 2288 1306 2322 que
1330 2278 1474 2320 registra

925 2333 990 2358 con
1014 2331 1070 2358 sus
1092 2323 1223 2366 reflejos
1253 2323 1421 2358 lucientes

926 2368 1028 2403 desde
1057 2378 1095 2403 su
1124 2369 1228 2403 esfera
1251 2368 1363 2403 lucida
