1737 2508
233 343 883 388 cuando la encontré en el monte,
240 393 733 436 y resolviendome á todo,
243 440 773 484 en el nombre de su Padre
244 488 811 533 la escribí de aqueste modo:
243 535 715 580 Hija Rosaura, permitan
242 585 753 627 hoy los cielos poderosos
242 633 820 677 el que estas letras te hallen
251 682 731 724 como deseo yo propio:
252 733 691 773 en casa para servirte,
255 780 761 821 quedamos todos gustosos:
258 828 747 869 te envio cuatro cintillos
252 878 717 917 muy ricos de fino oro,
247 926 727 972 y la cinta que me diste
260 974 819 1012 que te guardara yo propio:
260 1020 817 1063 bien te acordarás, Rosaura,
258 1067 844 1111 del guante que en el arroyo
268 1118 829 1159 perdiste, también te envio,
266 1165 785 1206 y todo lo lleva un mozo.
260 1213 762 1254 No dije mas, y con esto
268 1263 823 1304 cierro la carta y le pongo
272 1311 751 1353 la llave á mi cofrecillo.
266 1359 714 1400 Tomé la calle brioso,
272 1408 833 1451 llegué al postigo y tocando,
270 1456 770 1499 al instante bajó un mozo
271 1506 678 1548 y le dije, Caballero,
267 1554 760 1594 de parte de D. Antonio
278 1601 759 1643 de Carrero, que reside
275 1649 837 1692 en Córdoba, traigo un poco
266 1698 813 1739 recado aquí á una Señora,
271 1748 759 1791 y allá me dijeron como
279 1799 705 1834 asistia en esta casa.
274 1842 893 1884 Al punto respondio el mozo:
280 1892 828 1932 no se puede ver ni hablar.
285 1942 811 1980 Yo le dije importa poco,
275 1990 730 2029 no necesito de verla,
285 2038 797 2077 ni hablarla tampoco, solo
292 2084 819 2125 diga usted à esa Señora
289 2133 830 2173 que si mañana á las ocho
295 2181 913 2220 no ha escrito carta; no puedo
295 2231 863 2270 llevarla, que me es forzoso
1560 276 1592 312 7
962 330 1428 371 el irme en esta hora.
963 376 1518 420 Respondió: lo diré pronto:
963 421 1636 468 tomó el cofre y se entró dentro:
964 475 1460 516 yo me despedí gustoso,
972 523 1485 564 donde pasé aquella noche
963 569 1488 612 revolviendo promontorios
968 618 1507 661 de pensamientos, y el dia
975 668 1431 708 vino con rojos asomos.
971 716 1585 757 Llegué al postigo, y tocando,
976 764 1522 806 con pasos muy presurosos
981 812 1493 854 salió Rosaura, y con ella
974 860 1473 903 salen otros seis ú ocho.
978 909 1469 951 Helada quedó de verme,
979 960 1513 1000 salióle el color al rostro,
980 1008 1394 1047 y me dijo caballero,
983 1056 1592 1094 ¿sois de Córdoba? y respondo:
985 1101 1406 1143 no Señora, pero soy
990 1151 1551 1191 de cerca de sus contornos,
984 1200 1458 1240 y asisto, para servirle,
988 1248 1444 1289 en el arroyo del Oso.
991 1294 1529 1336 Dijo Rosaura, ya he visto
992 1345 1396 1385 ese sitio montuoso.
998 1390 1515 1435 Digale usted á mi Padre
996 1443 1418 1483 que no sea perezoso
998 1490 1471 1531 en ejecutar lo escrito:
997 1539 1468 1582 y con disimulo áiroso
993 1591 1549 1626 me dió Rosaura un carta,
996 1636 1495 1677 que decia de éste modo:
1001 1680 1664 1726 Aunque en nombre de mi Padre
1003 1733 1601 1774 me escribes con tal rebozo,
1000 1778 1559 1823 el guante y la cinta dicen
1006 1826 1594 1872 que eres mi querido esposo:
1008 1874 1611 1920 supuesto que me has buscado
1008 1926 1503 1967 tan atento y cuidadoso,
1003 1973 1575 2015 has de saber, dulce dueño,
1011 2022 1431 2063 que mi tio cuidadoso
1011 2069 1560 2112 me ha tratado casamiento
1009 2121 1484 2161 con un caballero mozo
1012 2165 1597 2210 de aqui de Madrid: mas tú
1016 2215 1621 2260 solo eres mi querido esposo;
