<?xml version="1.0" encoding="UTF-8" standalone="yes"?>
<PcGts xmlns="http://schema.primaresearch.org/PAGE/gts/pagecontent/2013-07-15" xmlns:xsi="http://www.w3.org/2001/XMLSchema-instance" xsi:schemaLocation="http://schema.primaresearch.org/PAGE/gts/pagecontent/2013-07-15 http://schema.primaresearch.org/PAGE/gts/pagecontent/2013-07-15/pagecontent.xsd">
    <Metadata>
        <Creator>prov=University of Rostock/Institute of Mathematics/CITlab|PLANET AI GmbH/Gundram Leifert/gundram.leifert@planet-ai.de:name=Pliegos de Cordel (XIXe) - v3(htr_id=26984)::::v=2.6.7
prov=University of Rostock/Institute of Mathematics/CITlab|PLANET AI GmbH/Tobias Gruening/tobias.gruening@planet-ai.de:name=de.uros.citlab.module.baseline2polygon.B2PSeamMultiOriented:v=2.6.7
prov=University of Rostock/Institute of Mathematics/CITlab|PLANET AI GmbH/Tobias Gruening/tobias.gruening@planet-ai.de:name=/net_tf/LA73_249_0mod360.pb:de.uros.citlab.segmentation.CITlab_LA_ML:v=2.6.7
Transkribus</Creator>
        <Created>2020-10-27T11:06:52.048+01:00</Created>
        <LastChange>2020-10-30T17:03:19.169+01:00</LastChange>
        <TranskribusMetadata docId="525373" pageId="22318148" pageNr="113" tsid="47499256" status="GT" userId="66244" imgUrl="https://files.transkribus.eu/Get?id=WEXAJTZUDZNBVUQVBJYQASTS&amp;fileType=view" xmlUrl="https://files.transkribus.eu/Get?id=PMMFKATTODIOQBFXDSGUQFRY" imageId="17387663"/>
    </Metadata>
    <Page imageFilename="Moreno_145_1.jpg" imageWidth="1737" imageHeight="2508">
        <ReadingOrder>
            <OrderedGroup id="ro_1646733075332" caption="Regions reading order">
                <RegionRefIndexed index="0" regionRef="region_1604073577053_1402"/>
                <RegionRefIndexed index="1" regionRef="region_1604073582785_1406"/>
                <RegionRefIndexed index="3" regionRef="r1"/>
                <RegionRefIndexed index="4" regionRef="region_1604073587263_1410"/>
            </OrderedGroup>
        </ReadingOrder>
        <TextRegion id="region_1604073577053_1402" custom="readingOrder {index:0;}">
            <Coords points="1261,222 1585,222 1585,329 1261,329"/>
            <TextLine id="r1l1" custom="readingOrder {index:0;}">
                <Coords points="1278,304 1304,304 1331,304 1357,304 1384,304 1410,305 1437,305 1463,306 1490,306 1516,307 1543,307 1570,307 1570,271 1543,271 1516,271 1490,270 1463,270 1437,269 1410,269 1384,268 1357,268 1331,268 1304,268 1278,268"/>
                <Baseline points="1278,292 1304,292 1331,292 1357,292 1384,292 1410,293 1437,293 1463,294 1490,294 1516,295 1543,295 1570,295"/>
                <TextEquiv>
                    <Unicode>(Número 164.)</Unicode>
                </TextEquiv>
            </TextLine>
            <TextEquiv>
                <Unicode>(Número 164.)</Unicode>
            </TextEquiv>
        </TextRegion>
        <TextRegion id="region_1604073582785_1406" custom="readingOrder {index:1;}">
            <Coords points="415,1422 1482,1422 1482,1540 415,1540"/>
            <TextLine id="r1l2" custom="readingOrder {index:0;}">
                <Coords points="426,1506 478,1508 530,1510 582,1512 635,1514 687,1516 739,1518 792,1519 844,1521 896,1522 949,1524 1001,1525 1053,1526 1105,1527 1158,1529 1210,1530 1262,1531 1315,1533 1367,1534 1419,1536 1472,1537 1472,1501 1419,1500 1367,1498 1315,1497 1262,1495 1210,1494 1158,1493 1105,1491 1053,1490 1001,1489 949,1488 896,1486 844,1485 792,1483 739,1482 687,1480 635,1478 582,1476 530,1474 478,1472 426,1470"/>
                <Baseline points="426,1494 478,1496 530,1498 582,1500 635,1502 687,1504 739,1506 792,1507 844,1509 896,1510 949,1512 1001,1513 1053,1514 1105,1515 1158,1517 1210,1518 1262,1519 1315,1521 1367,1522 1419,1524 1472,1525"/>
                <TextEquiv>
                    <Unicode>EL RIGOR DE LAS DESDICHAS.</Unicode>
                </TextEquiv>
            </TextLine>
            <TextEquiv>
                <Unicode>EL RIGOR DE LAS DESDICHAS.</Unicode>
            </TextEquiv>
        </TextRegion>
        <GraphicRegion id="Graphic_1604073595245_1414" custom="readingOrder {index:2;}">
            <Coords points="733,1196 1205,1196 1205,437 733,437"/>
        </GraphicRegion>
        <TextRegion orientation="0.0" id="r1" custom="readingOrder {index:3;}">
            <Coords points="247,1546 257,2421 862,2426 852,1551"/>
            <TextLine id="r1l3" custom="readingOrder {index:0;}">
                <Coords points="266,1620 293,1623 320,1625 347,1627 375,1628 402,1631 429,1632 456,1634 484,1635 511,1637 538,1638 565,1638 593,1640 620,1641 647,1642 674,1642 702,1643 729,1644 756,1644 783,1645 811,1646 811,1612 783,1611 756,1610 729,1610 702,1609 674,1608 647,1608 620,1607 593,1606 565,1604 538,1604 511,1603 484,1601 456,1600 429,1598 402,1597 375,1594 347,1593 320,1591 293,1589 266,1586"/>
                <Baseline points="266,1609 293,1612 320,1614 347,1616 375,1617 402,1620 429,1621 456,1623 484,1624 511,1626 538,1627 565,1627 593,1629 620,1630 647,1631 674,1631 702,1632 729,1633 756,1633 783,1634 811,1635"/>
                <TextEquiv>
                    <Unicode>Desde el umbral de la vida</Unicode>
                </TextEquiv>
            </TextLine>
            <TextLine id="r1l5" custom="readingOrder {index:1;}">
                <Coords points="278,1674 303,1676 328,1678 353,1678 378,1679 403,1681 428,1682 454,1683 479,1683 504,1684 529,1685 554,1686 579,1687 605,1687 630,1688 655,1689 680,1690 705,1691 730,1692 756,1693 756,1660 730,1659 705,1658 680,1657 655,1656 630,1655 605,1654 579,1654 554,1653 529,1652 504,1651 479,1650 454,1650 428,1649 403,1648 378,1646 353,1645 328,1645 303,1643 278,1641"/>
                <Baseline points="278,1663 303,1665 328,1667 353,1667 378,1668 403,1670 428,1671 454,1672 479,1672 504,1673 529,1674 554,1675 579,1676 605,1676 630,1677 655,1678 680,1679 705,1680 730,1681 756,1682"/>
                <TextEquiv>
                    <Unicode>del mundo puerta primera,</Unicode>
                </TextEquiv>
            </TextLine>
            <TextLine id="r1l7" custom="readingOrder {index:2;}">
                <Coords points="278,1722 304,1723 330,1724 357,1725 383,1727 409,1727 436,1728 462,1729 488,1730 515,1731 541,1732 567,1733 594,1733 620,1734 646,1735 673,1736 699,1736 726,1737 726,1704 699,1703 673,1703 646,1702 620,1701 594,1700 567,1700 541,1699 515,1698 488,1697 462,1696 436,1695 409,1694 383,1694 357,1692 330,1691 304,1690 278,1689"/>
                <Baseline points="278,1711 304,1712 330,1713 357,1714 383,1716 409,1716 436,1717 462,1718 488,1719 515,1720 541,1721 567,1722 594,1722 620,1723 646,1724 673,1725 699,1725 726,1726"/>
                <TextEquiv>
                    <Unicode>tan hijo de mis desdichas</Unicode>
                </TextEquiv>
            </TextLine>
            <TextLine id="r1l9" custom="readingOrder {index:3;}">
                <Coords points="266,1770 291,1771 317,1773 343,1774 369,1775 395,1776 421,1777 447,1778 473,1778 499,1779 525,1780 551,1780 577,1781 603,1782 629,1783 655,1783 681,1784 707,1785 707,1751 681,1750 655,1749 629,1749 603,1748 577,1747 551,1746 525,1746 499,1745 473,1744 447,1744 421,1743 395,1742 369,1741 343,1740 317,1739 291,1737 266,1736"/>
                <Baseline points="266,1759 291,1760 317,1762 343,1763 369,1764 395,1765 421,1766 447,1767 473,1767 499,1768 525,1769 551,1769 577,1770 603,1771 629,1772 655,1772 681,1773 707,1774"/>
                <TextEquiv>
                    <Unicode>nací, que sin duda á ella</Unicode>
                </TextEquiv>
            </TextLine>
            <TextLine id="r1l11" custom="readingOrder {index:4;}">
                <Coords points="273,1817 299,1818 325,1820 351,1822 378,1823 404,1824 430,1825 456,1826 483,1827 509,1827 535,1828 561,1828 588,1829 614,1829 640,1830 666,1830 693,1831 693,1797 666,1796 640,1796 614,1795 588,1795 561,1794 535,1794 509,1793 483,1793 456,1792 430,1791 404,1790 378,1789 351,1788 325,1786 299,1784 273,1783"/>
                <Baseline points="273,1806 299,1807 325,1809 351,1811 378,1812 404,1813 430,1814 456,1815 483,1816 509,1816 535,1817 561,1817 588,1818 614,1818 640,1819 666,1819 693,1820"/>
                <TextEquiv>
                    <Unicode>se opusieron al instante</Unicode>
                </TextEquiv>
            </TextLine>
            <TextLine id="r1l13" custom="readingOrder {index:5;}">
                <Coords points="272,1863 299,1865 326,1868 353,1869 380,1871 407,1872 434,1873 461,1874 488,1875 515,1875 542,1876 569,1876 596,1877 623,1877 650,1878 677,1879 704,1880 731,1881 758,1882 785,1884 813,1886 813,1852 785,1850 758,1848 731,1847 704,1846 677,1845 650,1844 623,1843 596,1843 569,1842 542,1842 515,1841 488,1841 461,1840 434,1839 407,1838 380,1837 353,1835 326,1834 299,1831 272,1829"/>
                <Baseline points="272,1852 299,1854 326,1857 353,1858 380,1860 407,1861 434,1862 461,1863 488,1864 515,1864 542,1865 569,1865 596,1866 623,1866 650,1867 677,1868 704,1869 731,1870 758,1871 785,1873 813,1875"/>
                <TextEquiv>
                    <Unicode>Aire, Agua, Fuego, y Tierra.</Unicode>
                </TextEquiv>
            </TextLine>
            <TextLine id="r1l15" custom="readingOrder {index:6;}">
                <Coords points="272,1911 297,1914 323,1915 349,1917 375,1918 400,1919 426,1920 452,1920 478,1921 504,1922 529,1922 555,1923 581,1923 607,1924 632,1925 658,1926 684,1927 710,1928 736,1930 736,1896 710,1894 684,1893 658,1892 632,1891 607,1890 581,1889 555,1889 529,1888 504,1888 478,1887 452,1886 426,1886 400,1885 375,1884 349,1883 323,1881 297,1880 272,1877"/>
                <Baseline points="272,1900 297,1903 323,1904 349,1906 375,1907 400,1908 426,1909 452,1909 478,1910 504,1911 529,1911 555,1912 581,1912 607,1913 632,1914 658,1915 684,1916 710,1917 736,1919"/>
                <TextEquiv>
                    <Unicode>Nací en el signo de Libra,</Unicode>
                </TextEquiv>
            </TextLine>
            <TextLine id="r1l17" custom="readingOrder {index:7;}">
                <Coords points="278,1962 303,1963 329,1964 354,1965 380,1966 406,1967 431,1968 457,1968 483,1969 508,1969 534,1970 560,1971 585,1971 611,1972 637,1973 662,1974 688,1976 714,1977 714,1944 688,1943 662,1941 637,1940 611,1939 585,1938 560,1938 534,1937 508,1936 483,1936 457,1935 431,1935 406,1934 380,1933 354,1932 329,1931 303,1930 278,1929"/>
                <Baseline points="278,1951 303,1952 329,1953 354,1954 380,1955 406,1956 431,1957 457,1957 483,1958 508,1958 534,1959 560,1960 585,1960 611,1961 637,1962 662,1963 688,1965 714,1966"/>
                <TextEquiv>
                    <Unicode>tan inclinado á las pesas,</Unicode>
                </TextEquiv>
            </TextLine>
            <TextLine id="r1l19" custom="readingOrder {index:8;}">
                <Coords points="273,2009 298,2010 324,2011 350,2012 376,2013 402,2014 428,2015 454,2016 480,2016 506,2017 532,2018 558,2019 584,2019 610,2020 636,2021 662,2021 688,2022 714,2023 740,2024 740,1991 714,1990 688,1989 662,1988 636,1988 610,1987 584,1986 558,1986 532,1985 506,1984 480,1983 454,1983 428,1982 402,1981 376,1980 350,1979 324,1978 298,1977 273,1976"/>
                <Baseline points="273,1998 298,1999 324,2000 350,2001 376,2002 402,2003 428,2004 454,2005 480,2005 506,2006 532,2007 558,2008 584,2008 610,2009 636,2010 662,2010 688,2011 714,2012 740,2013"/>
                <TextEquiv>
                    <Unicode>que todo mi amor se funda</Unicode>
                </TextEquiv>
            </TextLine>
            <TextLine id="r1l21" custom="readingOrder {index:9;}">
                <Coords points="265,2057 290,2057 315,2058 340,2059 366,2060 391,2060 416,2061 441,2062 467,2062 492,2063 517,2064 543,2065 568,2065 593,2066 618,2067 644,2068 669,2069 694,2069 720,2070 720,2036 694,2035 669,2035 644,2034 618,2033 593,2032 568,2031 543,2031 517,2030 492,2029 467,2028 441,2028 416,2027 391,2026 366,2026 340,2025 315,2024 290,2023 265,2023"/>
                <Baseline points="265,2046 290,2046 315,2047 340,2048 366,2049 391,2049 416,2050 441,2051 467,2051 492,2052 517,2053 543,2054 568,2054 593,2055 618,2056 644,2057 669,2058 694,2058 720,2059"/>
                <TextEquiv>
                    <Unicode>en las madres vendederas.</Unicode>
                </TextEquiv>
            </TextLine>
            <TextLine id="r1l23" custom="readingOrder {index:10;}">
                <Coords points="261,2104 286,2105 311,2106 337,2106 362,2107 387,2108 413,2109 438,2109 463,2110 489,2111 514,2112 539,2113 565,2113 590,2114 615,2115 641,2116 666,2117 691,2118 717,2119 717,2086 691,2085 666,2084 641,2083 615,2082 590,2081 565,2080 539,2080 514,2079 489,2078 463,2077 438,2076 413,2076 387,2075 362,2074 337,2073 311,2073 286,2072 261,2071"/>
                <Baseline points="261,2093 286,2094 311,2095 337,2095 362,2096 387,2097 413,2098 438,2098 463,2099 489,2100 514,2101 539,2102 565,2102 590,2103 615,2104 641,2105 666,2106 691,2107 717,2108"/>
                <TextEquiv>
                    <Unicode>Parióme adrede mi madre,</Unicode>
                </TextEquiv>
            </TextLine>
            <TextLine id="r1l25" custom="readingOrder {index:11;}">
                <Coords points="263,2149 288,2150 313,2152 339,2154 364,2155 390,2156 415,2157 440,2158 466,2159 491,2159 517,2160 542,2160 567,2161 593,2162 618,2163 644,2164 644,2131 618,2130 593,2129 567,2128 542,2127 517,2127 491,2126 466,2126 440,2125 415,2124 390,2123 364,2122 339,2121 313,2119 288,2117 263,2116"/>
                <Baseline points="263,2138 288,2139 313,2141 339,2143 364,2144 390,2145 415,2146 440,2147 466,2148 491,2148 517,2149 542,2149 567,2150 593,2151 618,2152 644,2153"/>
                <TextEquiv>
                    <Unicode>y ojalá no me pariera,</Unicode>
                </TextEquiv>
            </TextLine>
            <TextLine id="r1l27" custom="readingOrder {index:12;}">
                <Coords points="267,2199 292,2200 317,2201 342,2202 367,2203 392,2204 417,2204 442,2205 467,2206 492,2207 517,2208 542,2208 567,2209 592,2210 617,2210 642,2211 667,2211 692,2212 717,2213 742,2213 742,2179 717,2179 692,2178 667,2177 642,2177 617,2176 592,2176 567,2175 542,2174 517,2174 492,2173 467,2172 442,2171 417,2170 392,2170 367,2169 342,2168 317,2167 292,2166 267,2165"/>
                <Baseline points="267,2188 292,2189 317,2190 342,2191 367,2192 392,2193 417,2193 442,2194 467,2195 492,2196 517,2197 542,2197 567,2198 592,2199 617,2199 642,2200 667,2200 692,2201 717,2202 742,2202"/>
                <TextEquiv>
                    <Unicode>pues lo propio fue parirme,</Unicode>
                </TextEquiv>
            </TextLine>
            <TextLine id="r1l29" custom="readingOrder {index:13;}">
                <Coords points="266,2246 291,2247 316,2248 342,2249 367,2250 393,2251 418,2252 444,2253 469,2254 495,2254 520,2255 546,2256 571,2256 597,2257 622,2258 648,2259 673,2259 699,2260 724,2261 750,2261 750,2228 724,2228 699,2227 673,2226 648,2226 622,2225 597,2224 571,2223 546,2223 520,2222 495,2221 469,2221 444,2220 418,2219 393,2218 367,2217 342,2216 316,2215 291,2214 266,2213"/>
                <Baseline points="266,2235 291,2236 316,2237 342,2238 367,2239 393,2240 418,2241 444,2242 469,2243 495,2243 520,2244 546,2245 571,2245 597,2246 622,2247 648,2248 673,2248 699,2249 724,2250 750,2250"/>
                <TextEquiv>
                    <Unicode>que al punto caerse muerta.</Unicode>
                </TextEquiv>
            </TextLine>
            <TextLine id="r1l31" custom="readingOrder {index:14;}">
                <Coords points="257,2294 282,2294 308,2295 333,2296 359,2296 384,2298 410,2298 435,2300 461,2300 486,2301 512,2302 537,2303 563,2304 588,2304 614,2305 639,2306 665,2306 690,2306 716,2306 716,2273 690,2273 665,2273 639,2273 614,2272 588,2271 563,2271 537,2270 512,2269 486,2268 461,2267 435,2267 410,2265 384,2265 359,2263 333,2263 308,2262 282,2261 257,2261"/>
                <Baseline points="257,2283 282,2283 308,2284 333,2285 359,2285 384,2287 410,2287 435,2289 461,2289 486,2290 512,2291 537,2292 563,2293 588,2293 614,2294 639,2295 665,2295 690,2295 716,2295"/>
                <TextEquiv>
                    <Unicode>Parióme al fin, desollado,</Unicode>
                </TextEquiv>
            </TextLine>
            <TextLine id="r1l33" custom="readingOrder {index:15;}">
                <Coords points="264,2340 289,2341 314,2343 339,2344 364,2346 389,2346 414,2347 439,2348 465,2349 490,2349 515,2350 540,2351 565,2351 590,2352 615,2353 640,2353 666,2354 666,2321 640,2320 615,2320 590,2319 565,2318 540,2318 515,2317 490,2316 465,2316 439,2315 414,2314 389,2313 364,2313 339,2311 314,2310 289,2308 264,2307"/>
                <Baseline points="264,2329 289,2330 314,2332 339,2333 364,2335 389,2335 414,2336 439,2337 465,2338 490,2338 515,2339 540,2340 565,2340 590,2341 615,2342 640,2342 666,2343"/>
                <TextEquiv>
                    <Unicode>un burujón en la testa,</Unicode>
                </TextEquiv>
            </TextLine>
            <TextLine id="r1l35" custom="readingOrder {index:16;}">
                <Coords points="258,2390 283,2392 308,2394 333,2395 359,2396 384,2397 409,2398 434,2399 460,2400 485,2400 510,2401 535,2401 561,2402 586,2402 611,2403 636,2403 662,2403 687,2404 712,2405 738,2405 738,2369 712,2369 687,2368 662,2367 636,2367 611,2367 586,2366 561,2366 535,2365 510,2365 485,2364 460,2364 434,2363 409,2362 384,2361 359,2360 333,2359 308,2358 283,2356 258,2354"/>
                <Baseline points="258,2378 283,2380 308,2382 333,2383 359,2384 384,2385 409,2386 434,2387 460,2388 485,2388 510,2389 535,2389 561,2390 586,2390 611,2391 636,2391 662,2391 687,2392 712,2393 738,2393"/>
                <TextEquiv>
                    <Unicode>de las nalgas muy chupado,</Unicode>
                </TextEquiv>
            </TextLine>
            <TextEquiv>
                <Unicode>Desde el umbral de la vida
del mundo puerta primera,
tan hijo de mis desdichas
nací, que sin duda á ella
se opusieron al instante
Aire, Agua, Fuego, y Tierra.
Nací en el signo de Libra,
tan inclinado á las pesas,
que todo mi amor se funda
en las madres vendederas.
Parióme adrede mi madre,
y ojalá no me pariera,
pues lo propio fue parirme,
que al punto caerse muerta.
Parióme al fin, desollado,
un burujón en la testa,
de las nalgas muy chupado,</Unicode>
            </TextEquiv>
        </TextRegion>
        <TextRegion id="region_1604073587263_1410" custom="readingOrder {index:4;}">
            <Coords points="969,1591 1518,1591 1518,2437 969,2437"/>
            <TextLine id="r1l4" custom="readingOrder {index:0;}">
                <Coords points="1001,1652 1027,1652 1053,1652 1080,1653 1106,1653 1133,1653 1159,1654 1186,1654 1212,1655 1239,1656 1265,1656 1292,1657 1318,1658 1345,1659 1371,1660 1398,1662 1398,1628 1371,1626 1345,1625 1318,1624 1292,1623 1265,1622 1239,1622 1212,1621 1186,1620 1159,1620 1133,1619 1106,1619 1080,1619 1053,1618 1027,1618 1001,1618"/>
                <Baseline points="1001,1641 1027,1641 1053,1641 1080,1642 1106,1642 1133,1642 1159,1643 1186,1643 1212,1644 1239,1645 1265,1645 1292,1646 1318,1647 1345,1648 1371,1649 1398,1651"/>
                <TextEquiv>
                    <Unicode>pegadas ambas orejas, </Unicode>
                </TextEquiv>
            </TextLine>
            <TextLine id="r1l6" custom="readingOrder {index:1;}">
                <Coords points="1007,1700 1033,1700 1059,1700 1085,1700 1111,1701 1137,1701 1163,1702 1190,1702 1216,1703 1242,1703 1268,1704 1294,1704 1320,1705 1346,1706 1373,1707 1373,1673 1346,1672 1320,1671 1294,1670 1268,1670 1242,1669 1216,1669 1190,1668 1163,1668 1137,1667 1111,1667 1085,1666 1059,1666 1033,1666 1007,1666"/>
                <Baseline points="1007,1689 1033,1689 1059,1689 1085,1689 1111,1690 1137,1690 1163,1691 1190,1691 1216,1692 1242,1692 1268,1693 1294,1693 1320,1694 1346,1695 1373,1696"/>
                <TextEquiv>
                    <Unicode>la cabeza amelonada,</Unicode>
                </TextEquiv>
            </TextLine>
            <TextLine id="r1l8" custom="readingOrder {index:2;}">
                <Coords points="1006,1746 1032,1747 1058,1747 1084,1747 1110,1748 1137,1748 1163,1749 1189,1749 1215,1750 1242,1750 1268,1751 1294,1752 1320,1753 1347,1754 1373,1755 1399,1756 1425,1757 1452,1758 1452,1725 1425,1724 1399,1723 1373,1722 1347,1721 1320,1720 1294,1719 1268,1718 1242,1717 1215,1717 1189,1716 1163,1716 1137,1715 1110,1715 1084,1714 1058,1714 1032,1714 1006,1713"/>
                <Baseline points="1006,1735 1032,1736 1058,1736 1084,1736 1110,1737 1137,1737 1163,1738 1189,1738 1215,1739 1242,1739 1268,1740 1294,1741 1320,1742 1347,1743 1373,1744 1399,1745 1425,1746 1452,1747"/>
                <TextEquiv>
                    <Unicode>la frente á modo de teta,</Unicode>
                </TextEquiv>
            </TextLine>
            <TextLine id="r1l10" custom="readingOrder {index:3;}">
                <Coords points="1000,1794 1025,1794 1050,1795 1075,1795 1101,1795 1126,1795 1151,1796 1176,1796 1202,1797 1227,1797 1252,1798 1278,1798 1303,1799 1328,1800 1353,1801 1379,1802 1404,1802 1429,1804 1455,1805 1455,1772 1429,1771 1404,1769 1379,1769 1353,1768 1328,1767 1303,1766 1278,1765 1252,1765 1227,1764 1202,1764 1176,1763 1151,1763 1126,1762 1101,1762 1075,1762 1050,1762 1025,1761 1000,1761"/>
                <Baseline points="1000,1783 1025,1783 1050,1784 1075,1784 1101,1784 1126,1784 1151,1785 1176,1785 1202,1786 1227,1786 1252,1787 1278,1787 1303,1788 1328,1789 1353,1790 1379,1791 1404,1791 1429,1793 1455,1794"/>
                <TextEquiv>
                    <Unicode>la nariz como una alcuza,</Unicode>
                </TextEquiv>
            </TextLine>
            <TextLine id="r1l12" custom="readingOrder {index:4;}">
                <Coords points="1005,1841 1030,1841 1055,1841 1080,1842 1106,1842 1131,1842 1156,1843 1182,1844 1207,1844 1232,1845 1258,1845 1283,1846 1308,1847 1334,1848 1359,1848 1384,1849 1410,1849 1435,1850 1460,1851 1486,1851 1486,1818 1460,1818 1435,1817 1410,1816 1384,1816 1359,1815 1334,1815 1308,1814 1283,1813 1258,1812 1232,1812 1207,1811 1182,1811 1156,1810 1131,1809 1106,1809 1080,1809 1055,1808 1030,1808 1005,1808"/>
                <Baseline points="1005,1830 1030,1830 1055,1830 1080,1831 1106,1831 1131,1831 1156,1832 1182,1833 1207,1833 1232,1834 1258,1834 1283,1835 1308,1836 1334,1837 1359,1837 1384,1838 1410,1838 1435,1839 1460,1840 1486,1840"/>
                <TextEquiv>
                    <Unicode>la boca como una espuerta,</Unicode>
                </TextEquiv>
            </TextLine>
            <TextLine id="r1l14" custom="readingOrder {index:5;}">
                <Coords points="1000,1888 1026,1888 1052,1889 1079,1890 1105,1890 1131,1891 1158,1891 1184,1891 1210,1892 1237,1892 1263,1893 1289,1893 1316,1894 1342,1895 1368,1895 1395,1896 1421,1897 1447,1898 1474,1899 1474,1865 1447,1864 1421,1863 1395,1862 1368,1861 1342,1861 1316,1860 1289,1859 1263,1859 1237,1858 1210,1858 1184,1857 1158,1857 1131,1857 1105,1856 1079,1856 1052,1855 1026,1854 1000,1854"/>
                <Baseline points="1000,1877 1026,1877 1052,1878 1079,1879 1105,1879 1131,1880 1158,1880 1184,1880 1210,1881 1237,1881 1263,1882 1289,1882 1316,1883 1342,1884 1368,1884 1395,1885 1421,1886 1447,1887 1474,1888"/>
                <TextEquiv>
                    <Unicode>la lengua como una hacha,</Unicode>
                </TextEquiv>
            </TextLine>
            <TextLine id="r1l16" custom="readingOrder {index:6;}">
                <Coords points="1004,1934 1029,1935 1054,1936 1079,1937 1105,1938 1130,1938 1155,1939 1180,1939 1206,1939 1231,1940 1256,1940 1281,1940 1307,1941 1332,1941 1357,1942 1382,1943 1408,1943 1433,1944 1458,1945 1484,1946 1484,1913 1458,1912 1433,1911 1408,1910 1382,1910 1357,1909 1332,1908 1307,1908 1281,1907 1256,1907 1231,1907 1206,1906 1180,1906 1155,1906 1130,1905 1105,1905 1079,1904 1054,1903 1029,1902 1004,1901"/>
                <Baseline points="1004,1923 1029,1924 1054,1925 1079,1926 1105,1927 1130,1927 1155,1928 1180,1928 1206,1928 1231,1929 1256,1929 1281,1929 1307,1930 1332,1930 1357,1931 1382,1932 1408,1932 1433,1933 1458,1934 1484,1935"/>
                <TextEquiv>
                    <Unicode>los dientes como una sierra, </Unicode>
                </TextEquiv>
            </TextLine>
            <TextLine id="r1l18" custom="readingOrder {index:7;}">
                <Coords points="1006,1982 1031,1983 1057,1984 1083,1984 1109,1985 1134,1985 1160,1986 1186,1987 1212,1987 1238,1988 1263,1988 1289,1989 1315,1989 1341,1990 1366,1990 1392,1991 1418,1991 1444,1992 1470,1992 1470,1958 1444,1958 1418,1957 1392,1957 1366,1956 1341,1956 1315,1955 1289,1955 1263,1954 1238,1954 1212,1953 1186,1953 1160,1952 1134,1951 1109,1951 1083,1950 1057,1950 1031,1949 1006,1948"/>
                <Baseline points="1006,1971 1031,1972 1057,1973 1083,1973 1109,1974 1134,1974 1160,1975 1186,1976 1212,1976 1238,1977 1263,1977 1289,1978 1315,1978 1341,1979 1366,1979 1392,1980 1418,1980 1444,1981 1470,1981"/>
                <TextEquiv>
                    <Unicode>un ojo tuerto, otro vizco,</Unicode>
                </TextEquiv>
            </TextLine>
            <TextLine id="r1l20" custom="readingOrder {index:8;}">
                <Coords points="1003,2031 1029,2031 1055,2032 1081,2032 1107,2032 1133,2033 1159,2033 1185,2034 1211,2034 1237,2035 1263,2035 1289,2036 1315,2036 1341,2038 1367,2038 1393,2039 1420,2040 1420,2007 1393,2006 1367,2005 1341,2005 1315,2003 1289,2003 1263,2002 1237,2002 1211,2001 1185,2001 1159,2000 1133,2000 1107,1999 1081,1999 1055,1999 1029,1998 1003,1998"/>
                <Baseline points="1003,2020 1029,2020 1055,2021 1081,2021 1107,2021 1133,2022 1159,2022 1185,2023 1211,2023 1237,2024 1263,2024 1289,2025 1315,2025 1341,2027 1367,2027 1393,2028 1420,2029"/>
                <TextEquiv>
                    <Unicode>la barba como una teja,</Unicode>
                </TextEquiv>
            </TextLine>
            <TextLine id="r1l22" custom="readingOrder {index:9;}">
                <Coords points="1004,2078 1030,2078 1056,2078 1082,2079 1108,2079 1134,2079 1160,2080 1186,2080 1213,2081 1239,2082 1265,2082 1291,2083 1317,2084 1343,2085 1369,2086 1395,2086 1422,2087 1422,2054 1395,2053 1369,2053 1343,2052 1317,2051 1291,2050 1265,2049 1239,2049 1213,2048 1186,2047 1160,2047 1134,2046 1108,2046 1082,2046 1056,2045 1030,2045 1004,2045"/>
                <Baseline points="1004,2067 1030,2067 1056,2067 1082,2068 1108,2068 1134,2068 1160,2069 1186,2069 1213,2070 1239,2071 1265,2071 1291,2072 1317,2073 1343,2074 1369,2075 1395,2075 1422,2076"/>
                <TextEquiv>
                    <Unicode>el pescuezo de avestruz,</Unicode>
                </TextEquiv>
            </TextLine>
            <TextLine id="r1l24" custom="readingOrder {index:10;}">
                <Coords points="988,2124 1013,2124 1039,2125 1064,2126 1090,2126 1116,2127 1141,2127 1167,2128 1193,2129 1218,2129 1244,2130 1270,2131 1295,2132 1321,2132 1347,2133 1372,2134 1398,2135 1424,2136 1424,2103 1398,2102 1372,2101 1347,2100 1321,2099 1295,2099 1270,2098 1244,2097 1218,2096 1193,2096 1167,2095 1141,2094 1116,2094 1090,2093 1064,2093 1039,2092 1013,2091 988,2091"/>
                <Baseline points="988,2113 1013,2113 1039,2114 1064,2115 1090,2115 1116,2116 1141,2116 1167,2117 1193,2118 1218,2118 1244,2119 1270,2120 1295,2121 1321,2121 1347,2122 1372,2123 1398,2124 1424,2125"/>
                <TextEquiv>
                    <Unicode>el lomo como una bestia,</Unicode>
                </TextEquiv>
            </TextLine>
            <TextLine id="r1l26" custom="readingOrder {index:11;}">
                <Coords points="988,2171 1013,2172 1039,2172 1065,2173 1090,2173 1116,2174 1142,2174 1167,2175 1193,2175 1219,2176 1244,2177 1270,2177 1296,2178 1321,2179 1347,2180 1373,2182 1398,2184 1424,2185 1450,2187 1450,2154 1424,2152 1398,2151 1373,2149 1347,2147 1321,2146 1296,2145 1270,2144 1244,2144 1219,2143 1193,2142 1167,2142 1142,2141 1116,2141 1090,2140 1065,2140 1039,2139 1013,2139 988,2138"/>
                <Baseline points="988,2160 1013,2161 1039,2161 1065,2162 1090,2162 1116,2163 1142,2163 1167,2164 1193,2164 1219,2165 1244,2166 1270,2166 1296,2167 1321,2168 1347,2169 1373,2171 1398,2173 1424,2174 1450,2176"/>
                <TextEquiv>
                    <Unicode>algo hundido del ombligo,</Unicode>
                </TextEquiv>
            </TextLine>
            <TextLine id="r1l28" custom="readingOrder {index:12;}">
                <Coords points="999,2219 1024,2220 1050,2220 1075,2220 1101,2221 1126,2221 1152,2222 1177,2223 1203,2224 1228,2224 1254,2226 1279,2227 1305,2228 1331,2229 1331,2195 1305,2194 1279,2193 1254,2192 1228,2190 1203,2190 1177,2189 1152,2188 1126,2187 1101,2187 1075,2186 1050,2186 1024,2186 999,2185"/>
                <Baseline points="999,2208 1024,2209 1050,2209 1075,2209 1101,2210 1126,2210 1152,2211 1177,2212 1203,2213 1228,2213 1254,2215 1279,2216 1305,2217 1331,2218"/>
                <TextEquiv>
                    <Unicode>y sacado de rabera,</Unicode>
                </TextEquiv>
            </TextLine>
            <TextLine id="r1l30" custom="readingOrder {index:13;}">
                <Coords points="994,2266 1020,2266 1047,2267 1073,2267 1100,2268 1126,2269 1153,2270 1179,2271 1206,2272 1232,2272 1259,2274 1285,2275 1312,2275 1338,2276 1365,2277 1392,2277 1392,2243 1365,2243 1338,2242 1312,2241 1285,2241 1259,2240 1232,2238 1206,2238 1179,2237 1153,2236 1126,2235 1100,2234 1073,2233 1047,2233 1020,2232 994,2232"/>
                <Baseline points="994,2255 1020,2255 1047,2256 1073,2256 1100,2257 1126,2258 1153,2259 1179,2260 1206,2261 1232,2261 1259,2263 1285,2264 1312,2264 1338,2265 1365,2266 1392,2266"/>
                <TextEquiv>
                    <Unicode>muy junto de rodillas,</Unicode>
                </TextEquiv>
            </TextLine>
            <TextLine id="r1l32" custom="readingOrder {index:14;}">
                <Coords points="990,2314 1015,2314 1040,2315 1066,2316 1091,2316 1116,2317 1142,2317 1167,2318 1192,2318 1218,2319 1243,2320 1269,2320 1294,2321 1319,2322 1345,2323 1370,2324 1395,2325 1421,2326 1446,2327 1472,2329 1472,2295 1446,2293 1421,2292 1395,2291 1370,2290 1345,2289 1319,2288 1294,2287 1269,2286 1243,2286 1218,2285 1192,2284 1167,2284 1142,2283 1116,2283 1091,2282 1066,2282 1040,2281 1015,2280 990,2280"/>
                <Baseline points="990,2303 1015,2303 1040,2304 1066,2305 1091,2305 1116,2306 1142,2306 1167,2307 1192,2307 1218,2308 1243,2309 1269,2309 1294,2310 1319,2311 1345,2312 1370,2313 1395,2314 1421,2315 1446,2316 1472,2318"/>
                <TextEquiv>
                    <Unicode>este bado de ambas piernas,</Unicode>
                </TextEquiv>
            </TextLine>
            <TextLine id="r1l34" custom="readingOrder {index:15;}">
                <Coords points="989,2363 1014,2363 1039,2364 1065,2364 1090,2364 1116,2365 1141,2366 1167,2367 1192,2367 1217,2368 1243,2369 1268,2370 1294,2370 1319,2371 1345,2371 1370,2372 1396,2373 1396,2339 1370,2338 1345,2337 1319,2337 1294,2336 1268,2336 1243,2335 1217,2334 1192,2333 1167,2333 1141,2332 1116,2331 1090,2330 1065,2330 1039,2330 1014,2329 989,2329"/>
                <Baseline points="989,2352 1014,2352 1039,2353 1065,2353 1090,2353 1116,2354 1141,2355 1167,2356 1192,2356 1217,2357 1243,2358 1268,2359 1294,2359 1319,2360 1345,2360 1370,2361 1396,2362"/>
                <TextEquiv>
                    <Unicode>una corta, y otra larga,</Unicode>
                </TextEquiv>
            </TextLine>
            <TextLine id="r1l36" custom="readingOrder {index:16;}">
                <Coords points="991,2411 1017,2412 1044,2413 1070,2414 1097,2415 1124,2416 1150,2416 1177,2417 1203,2418 1230,2418 1257,2419 1283,2419 1310,2419 1336,2420 1363,2420 1390,2421 1390,2387 1363,2386 1336,2386 1310,2385 1283,2385 1257,2385 1230,2384 1203,2384 1177,2383 1150,2382 1124,2382 1097,2381 1070,2380 1044,2379 1017,2378 991,2377"/>
                <Baseline points="991,2400 1017,2401 1044,2402 1070,2403 1097,2404 1124,2405 1150,2405 1177,2406 1203,2407 1230,2407 1257,2408 1283,2408 1310,2408 1336,2409 1363,2409 1390,2410"/>
                <TextEquiv>
                    <Unicode>una gorda, y otra seca,</Unicode>
                </TextEquiv>
            </TextLine>
            <TextEquiv>
                <Unicode>pegadas ambas orejas, 
la cabeza amelonada,
la frente á modo de teta,
la nariz como una alcuza,
la boca como una espuerta,
la lengua como una hacha,
los dientes como una sierra, 
un ojo tuerto, otro vizco,
la barba como una teja,
el pescuezo de avestruz,
el lomo como una bestia,
algo hundido del ombligo,
y sacado de rabera,
muy junto de rodillas,
este bado de ambas piernas,
una corta, y otra larga,
una gorda, y otra seca,</Unicode>
            </TextEquiv>
        </TextRegion>
    </Page>
</PcGts>
