1737 2508
1141 312 1308 359 (Numero
1335 312 1435 357 217.)

161 1395 479 1449 ROMANCE
555 1399 883 1451 GRACIOSO
927 1401 975 1451 Y
1015 1401 1501 1469 ENTRETENIDO,

134 1504 185 1542 En
207 1517 279 1557 que
298 1518 338 1544 se
354 1505 484 1546 refiere
505 1506 538 1544 el
562 1507 799 1547 Testamento
834 1522 904 1560 que
928 1509 1011 1549 hizo
1028 1510 1065 1549 el
1085 1512 1234 1551 maldito
1267 1513 1381 1553 Judas
1409 1515 1444 1553 al
1479 1519 1536 1568 pie

129 1558 187 1595 del
207 1557 343 1606 Saúco,
367 1558 418 1596 las
440 1559 572 1598 manda
595 1573 666 1612 que
687 1560 770 1612 dejó
792 1562 836 1600 de
857 1576 917 1600 sus
938 1564 1077 1610 bienes,
1103 1578 1123 1615 y
1156 1565 1209 1603 los
1250 1566 1431 1606 Albaceas
1462 1582 1535 1620 que

128 1610 266 1648 señaló:
293 1611 517 1663 Compuesto
538 1625 605 1663 por
624 1625 670 1651 un
692 1613 849 1653 Calabré
866 1628 938 1666 que
959 1618 1020 1655 fue
1040 1615 1201 1657 Cómitre
1221 1632 1265 1658 en
1288 1619 1340 1658 las
1361 1620 1530 1665 Galeras,

124 1676 144 1713 y
166 1662 326 1703 Ventero
349 1664 395 1703 de
412 1665 442 1702 la
462 1672 569 1703 venta
590 1666 799 1715 Quemada,
824 1669 1063 1719 alojamiento
1084 1669 1129 1708 de
1154 1669 1339 1722 ladrones,
1363 1672 1408 1712 de
1424 1686 1531 1725 gara¬

443 1718 562 1768 batos,
587 1732 609 1770 y
631 1721 783 1771 esponja
804 1720 848 1759 de
870 1721 995 1761 bolsas
1016 1735 1037 1774 y
1059 1734 1209 1762 cueros.

172 1882 333 1929 Después
355 1894 423 1930 que
444 1885 555 1921 Judas
577 1886 690 1925 taidor

120 1930 220 1977 logró
242 1942 283 1967 su
306 1934 465 1969 malvado
482 1935 632 1976 intento,

120 1989 189 2024 que
206 1979 263 2016 fué
280 1980 410 2017 vender
429 1982 462 2017 lo
484 1980 553 2028 qbc
570 1995 609 2020 es
637 1995 726 2025 mas,

119 2037 182 2076 por
205 2032 262 2064 tan
280 2028 326 2064 vil
351 2040 368 2073 y
389 2030 467 2076 bajo
490 2032 621 2077 precio,

119 2076 256 2113 llevaba
275 2077 308 2113 el
326 2077 448 2114 Diablo
464 2089 508 2115 en
530 2080 563 2115 el
577 2081 680 2120 alma,

121 2125 290 2161 teniendo
310 2127 329 2162 á
350 2126 430 2163 Dios
451 2138 494 2163 en
513 2128 546 2164 el
567 2139 714 2176 cuerpo,

119 2172 294 2211 haciendo
314 2185 377 2220 por
394 2174 426 2212 la
447 2177 584 2214 codicia

118 2221 160 2255 de
184 2222 213 2257 la
233 2223 342 2259 triaca
362 2233 513 2261 veneno.

115 2269 311 2309 Corriendo
330 2271 574 2320 desesperado

847 1889 963 1926 hedió
983 1890 1015 1927 ol
1035 1892 1160 1929 dinero
1183 1902 1227 1929 en
1249 1894 1280 1930 el
1297 1894 1456 1942 Templo,

848 1949 867 1984 y
887 1949 1029 1986 aunque
1048 1940 1121 1987 dijo
1143 1951 1187 1987 yo
1208 1943 1340 1988 pequé,

846 1997 892 2022 no
915 1991 999 2024 tuvo
1020 1990 1352 2034 arrepentimiento.

847 2035 1007 2083 Entregó
1027 2037 1060 2073 al
1082 2038 1193 2074 Dulce
1212 2038 1318 2076 Jesús

846 2088 863 2119 á
885 2083 939 2128 ||ps
962 2085 1118 2132 pérfidos
1136 2085 1312 2129 Hebreos,

847 2142 865 2178 y
881 2132 992 2170 desde
1010 2135 1042 2171 el
1058 2135 1218 2181 Templo,
1240 2147 1285 2173 no
1302 2147 1341 2173 es
1359 2139 1461 2177 nada,

846 2191 884 2217 se
903 2181 961 2218 fué
982 2183 998 2218 é
1016 2184 1150 2219 hechar
1168 2184 1200 2221 el
1220 2184 1296 2221 lazo
1313 2187 1343 2222 al
1365 2187 1493 2224 cuello.

844 2230 885 2265 Al
907 2230 962 2276 pie
983 2230 1040 2267 del
1058 2232 1197 2269 Sahuco
1217 2232 1349 2270 infame

844 2288 883 2315 se
899 2288 988 2325 puso
1006 2280 1023 2316 á
1046 2281 1155 2318 hacer
1174 2282 1419 2326 Testamento,
