1737 2508
149 195 394 233 mostrándose
419 207 494 233 mas
514 197 626 238 cruel,

150 255 321 291 mientras
347 265 421 291 mas
441 255 471 290 la
493 255 699 296 laureaban,

149 323 234 360 pero
251 323 317 349 con
335 323 456 359 mayor
471 318 638 360 empeño,

151 376 249 407 entre
269 371 369 407 todos
383 382 421 408 se
440 372 560 408 señala

150 440 216 466 con
233 439 415 465 amorosos
434 434 608 467 estremos

152 498 200 523 un
220 487 399 523 caballero
416 499 485 534 que
501 489 632 525 llaman

151 544 192 581 D.
214 545 323 592 Diego
344 547 387 582 de
404 546 589 589 Peñaloza,

152 614 171 649 y
191 603 250 639 fué
268 614 362 642 cosa,
386 615 455 650 que
473 605 508 639 le
527 606 655 651 agrada

152 663 169 696 á
192 666 264 697 esta
281 664 383 708 copia
397 663 441 698 de
457 663 590 699 belleza

154 729 239 764 pues
270 719 421 766 dejando
442 720 475 757 el
494 731 552 757 ser
571 722 705 768 ingrata

153 778 404 823 correspondió
420 779 437 813 á
459 790 520 816 sus
535 781 687 822 favores,

154 845 171 880 y
192 835 235 870 de
254 841 391 872 secreto
411 848 448 872 se
464 837 654 873 hablaban:

154 904 172 938 y
189 894 219 928 el
248 905 317 930 uno
339 896 356 930 á
379 896 409 931 el
432 901 508 931 otro
527 907 565 931 se
585 896 707 933 dieron

154 951 197 986 de
216 953 431 989 casamiento
459 954 617 1000 palabra,

154 1020 172 1054 y
192 1011 337 1046 estando
357 1022 438 1057 para
459 1012 593 1057 pedirla

153 1067 170 1102 á
194 1079 253 1103 sus
271 1069 400 1104 Padres
427 1070 460 1105 lo
480 1070 587 1106 dilata

154 1137 218 1171 por
232 1127 359 1162 ciertos
381 1129 684 1170 inconvenientes,

155 1195 173 1229 y
193 1196 291 1221 cosas
312 1196 379 1230 que
396 1187 618 1231 precisaban,

155 1243 171 1276 á
193 1253 281 1287 cuyo
305 1243 436 1290 tiempo
456 1249 533 1279 otro
555 1249 709 1285 amante,

157 1311 225 1346 que
242 1312 304 1347 por
322 1308 393 1337 esta
415 1304 495 1338 niña
518 1303 667 1344 andaba,

158 1369 225 1403 que
246 1370 305 1395 era
327 1360 365 1394 D.
389 1360 514 1396 Martin
535 1361 579 1396 de
597 1361 710 1403 Soria,

158 1416 335 1453 caballero
361 1419 403 1454 de
416 1420 661 1465 importancia,

159 1484 196 1509 se
213 1476 379 1521 anticipó,
410 1487 427 1523 y
446 1478 465 1512 á
492 1488 532 1513 su
553 1478 665 1514 Padre

158 1543 195 1567 se
216 1532 246 1567 la
269 1534 362 1579 pidió
378 1545 443 1570 con
463 1536 520 1570 mil
543 1536 672 1578 ansias,

161 1591 368 1628 haciéndole
386 1594 447 1628 mil
465 1604 660 1640 promesas,

160 1660 177 1694 y
196 1650 439 1694 prometiendo
457 1653 590 1688 dolarla

160 1717 202 1742 en
223 1709 405 1744 cincuenta
435 1711 496 1745 mil
518 1711 687 1751 ducados,

159 1776 179 1811 y
194 1772 288 1801 otras
313 1768 464 1813 prendas
491 1770 711 1807 vinculadas.

159 1824 187 1860 Y
222 1824 469 1864 discurriendo
494 1827 531 1863 D.
551 1827 640 1865 Juan

159 1885 249 1921 seria
266 1896 346 1921 cosa
367 1888 543 1928 acertada,

159 1954 198 1979 se
220 1945 251 1980 la
270 1945 402 1981 oíreció
423 1956 488 1981 con
509 1946 653 1992 testigos

162 2001 287 2049 debajo
307 2004 351 2039 de
370 2015 410 2041 su
426 2004 582 2051 palabra,

162 2074 179 2108 y
200 2063 238 2097 D.
258 2062 381 2099 Martin
404 2075 485 2110 muy
512 2068 690 2104 contento,

161 2121 288 2157 viendo
322 2132 390 2167 que
409 2133 470 2157 sus
488 2132 694 2168 esperanzas

165 2180 323 2215 llevaban
345 2180 481 2216 buenos
502 2181 692 2227 principios

163 2247 245 2283 para
267 2238 298 2272 lo
321 2249 388 2284 que
409 2239 575 2279 deseaba,

162 2305 200 2330 se
218 2296 375 2345 despidió
400 2309 481 2345 muy
503 2301 667 2334 contento

1423 152 1447 187 5

865 208 882 244 y
898 198 938 232 D.
957 201 1046 234 Juan
1067 209 1105 235 se
1125 199 1184 235 fué
1204 201 1221 236 á
1241 211 1280 236 su
1301 212 1394 241 casa,

866 256 973 292 llamó
999 257 1017 292 á
1044 268 1085 293 su
1106 257 1188 304 hija,
1210 270 1228 304 y
1248 259 1281 294 le
1300 260 1371 306 dijo

867 324 933 349 con
965 325 1146 351 amorosas
1167 321 1343 352 entrañas:

868 372 938 408 Has
968 373 1012 409 de
1026 375 1130 410 saber
1148 374 1217 422 hija
1239 376 1321 415 mía,

868 441 972 467 como
996 437 1028 468 te
1051 438 1153 480 tengo
1174 435 1306 470 tratada

868 490 912 525 de
941 500 1040 527 casar
1054 501 1119 526 con
1141 491 1179 527 D.
1200 492 1323 528 Martin

868 548 912 583 de
927 548 1040 588 Soria,
1055 560 1072 594 y
1088 549 1121 585 le
1143 554 1246 596 tengo
1261 550 1348 586 dada

869 605 902 640 la
939 606 1083 652 palabra
1104 618 1171 643 con
1192 608 1348 655 testigos,

869 674 888 709 y
908 674 951 698 en
968 664 1038 700 ello
1055 676 1099 700 no
1120 666 1163 701 ha
1185 666 1228 701 de
1246 666 1356 702 haber
1374 667 1469 706 falta,

869 722 957 757 mira
979 723 1013 758 lo
1031 734 1099 769 que
1119 734 1175 759 me
1195 726 1398 771 respondes,

866 780 897 815 si
916 790 953 816 es
974 791 1067 822 cosa,
1086 792 1155 828 que
1173 783 1191 817 á
1213 784 1236 819 ti
1258 788 1290 818 le
1305 785 1445 830 agrada.

869 839 1072 885 Respondió
1087 841 1182 877 Doña
1199 841 1303 878 María

872 898 1041 939 resuelta,
1058 910 1077 945 y
1095 899 1336 936 determinada

872 956 1088 992 diciéndole:
1119 957 1231 993 Señor
1251 959 1376 997 Padre,

872 1024 916 1049 no
937 1015 1101 1061 importa,
1122 1026 1191 1062 que
1211 1026 1268 1051 esa
1289 1016 1428 1063 palabra

874 1072 938 1119 (sin
958 1073 1063 1108 saber
1081 1073 1128 1109 mi
1146 1074 1328 1120 voluntad)

874 1141 918 1166 no
940 1131 1056 1177 obliga
1074 1131 1092 1166 á
1114 1133 1267 1178 cumplir
1287 1144 1328 1168 en
1346 1133 1449 1173 nada,

874 1200 942 1235 que
962 1200 1005 1225 no
1020 1189 1143 1225 siendo
1164 1201 1205 1236 yo
1223 1195 1382 1237 gustosa,

873 1248 951 1282 será
975 1248 1091 1284 fuerza
1117 1248 1378 1294 quebrantarla.

872 1306 913 1341 D.
936 1306 1045 1352 Diego
1065 1306 1108 1342 de
1141 1306 1309 1342 Peñaloza

875 1374 913 1400 es
934 1364 1040 1411 quien
1059 1364 1226 1410 conmigo
1252 1375 1290 1400 se
1309 1376 1402 1405 casa,

877 1433 893 1468 y
913 1423 942 1458 si
959 1421 993 1457 lo
1009 1422 1099 1468 llega
1119 1423 1137 1457 á
1159 1424 1262 1458 saber

877 1480 911 1516 lo
931 1491 1000 1526 que
1015 1491 1081 1516 con
1101 1480 1141 1516 D.
1161 1480 1282 1516 Martin
1304 1491 1398 1527 pasa,

878 1538 955 1574 será
978 1549 1072 1580 cosa,
1095 1550 1163 1585 que
1188 1540 1219 1574 le
1238 1540 1334 1585 quite

874 1597 905 1633 la
928 1597 1005 1632 vida
1017 1597 1071 1633 sin
1089 1608 1163 1633 mas
1180 1597 1356 1639 tardanza,

877 1666 941 1691 con
958 1666 1027 1701 que
1048 1656 1112 1696 asi,
1132 1666 1213 1702 para
1233 1656 1343 1692 evitar

877 1713 907 1749 la
928 1712 1060 1749 resulta
1077 1715 1119 1748 de
1138 1720 1210 1750 esta
1228 1725 1333 1750 causa

878 1772 1023 1818 despida
1048 1773 1149 1808 usted
1170 1773 1186 1807 á
1208 1773 1248 1808 D.
1269 1772 1407 1814 Martin,

877 1836 976 1866 antes
994 1832 1073 1877 hoy,
1097 1842 1166 1877 que
1186 1842 1230 1866 no
1253 1835 1416 1871 mañana,

880 1900 949 1935 que
981 1899 1046 1925 con
1062 1888 1095 1925 él
1116 1900 1160 1925 no
1181 1890 1224 1925 be
1244 1889 1288 1925 de
1306 1900 1481 1931 casarme,

881 1957 1021 1992 aunque
1041 1948 1189 1993 pedazos
1208 1958 1264 1983 me
1292 1948 1419 1994 hagan.

881 2005 922 2041 El
943 2006 1049 2052 padre
1069 2006 1162 2041 lleno
1184 2006 1227 2041 de
1246 2008 1361 2051 enojo,

881 2064 1080 2099 encendido
1096 2074 1138 2099 en
1156 2066 1204 2099 ira
1225 2075 1243 2111 y
1263 2065 1360 2100 rabia

881 2121 924 2157 ha
945 2122 1064 2157 dicho:
1086 2122 1193 2157 Como
1210 2122 1372 2163 traidora,

881 2191 939 2215 me
956 2181 1150 2226 respondes
1170 2181 1386 2217 demasiada?

879 2238 930 2274 No
950 2248 1022 2278 ves,
1043 2250 1111 2285 que
1128 2249 1185 2274 ese
1206 2238 1354 2275 hombre
1373 2251 1411 2275 es
1431 2238 1555 2286 pobre?

881 2296 906 2332 Y
928 2297 995 2333 ella
1016 2302 1183 2334 entonces
1199 2297 1390 2345 replicaba:
