1737 2508
1117 148 1266 199 EÜfiim'
1312 145 1431 195 125:

431 1006 761 1097 SATIRA
837 1006 1313 1104 GRACIOSA,

184 1165 252 1204 en
282 1165 392 1221 que
414 1163 472 1204 se
508 1147 847 1204 manifiestan
872 1147 948 1203 los
970 1144 1240 1212 nombres,
1273 1139 1564 1218 propieda¬

291 1226 385 1283 des
408 1245 442 1301 y
465 1226 624 1283 faltas
645 1245 752 1302 que
778 1227 854 1283 las
877 1224 1113 1299 mujeres
1136 1225 1243 1281 han
1266 1221 1465 1280 notado

385 1324 450 1363 en
474 1306 550 1361 los
573 1307 826 1363 hombres
847 1324 954 1380 que
977 1306 1084 1377 hay
1106 1322 1171 1362 en
1196 1304 1243 1360 el
1266 1302 1373 1358 día.

232 1472 379 1506 Escuche
396 1471 474 1505 todo
492 1473 645 1509 viviente,

191 1518 219 1550 e!
238 1526 300 1561 que
318 1526 368 1549 me
390 1517 502 1560 quiera
519 1516 680 1550 escuchar

190 1562 296 1593 varias
311 1559 403 1595 faltas
418 1570 481 1604 que
497 1570 536 1594 en
555 1561 602 1593 los
621 1559 785 1598 hombres,

191 1605 237 1638 las
254 1604 407 1639 hembras
424 1605 529 1638 deben
550 1609 656 1644 notar;

190 1659 317 1693 porque
338 1649 383 1682 las
398 1649 439 1683 de
456 1649 502 1681 las
518 1648 659 1692 mujeres

194 1692 265 1727 bien
284 1693 473 1736 publicadas
492 1696 596 1731 están,

193 1748 214 1780 y
232 1748 267 1772 es
284 1744 449 1772 menester
468 1747 530 1781 que
548 1748 583 1771 se
599 1737 727 1780 cumpla

193 1782 288 1825 aquel
304 1783 435 1816 célebre
455 1780 561 1815 refrán

193 1836 257 1869 que
275 1836 334 1860 nos
349 1828 423 1860 dice
442 1827 590 1863 Cicerón,

195 1870 280 1903 lleve
297 1880 334 1904 su
355 1882 431 1904 cruz
448 1871 528 1904 cada
545 1869 659 1904 cual...

195 1915 410 1958 Empecemos
427 1925 488 1959 por
505 1917 552 1949 los
569 1917 686 1948 Juanes

194 1969 259 2001 que
279 1969 314 1992 es
332 1963 361 1994 el
380 1960 516 1994 nombre
536 1969 605 1993 mas
621 1959 747 2002 vulgar,

196 2014 219 2046 y
235 2013 297 2047 por
312 2002 344 2038 lo
364 2004 483 2039 mucho
501 2014 564 2048 que
583 2003 732 2037 abundan

198 2048 306 2089 puede
326 2059 389 2092 que
407 2049 493 2092 haya
512 2058 577 2082 uno
595 2047 636 2081 tal
653 2047 737 2086 cual,

198 2102 328 2135 aunque
344 2092 524 2135 semejante
542 2092 688 2135 hallazgo

200 2146 242 2169 no
259 2146 294 2170 se
315 2137 356 2171 ha
373 2139 455 2172 visto
476 2136 634 2181 publicar.

200 2183 220 2214 A
237 2181 285 2215 los
303 2181 425 2217 Pedros
440 2192 504 2216 con
525 2181 574 2215 los
588 2182 706 2216 Juanes

199 2225 248 2260 los
270 2226 431 2270 podemos
450 2227 586 2271 igualar,

901 1483 922 1516 y
939 1472 956 1505 á
973 1481 1017 1505 un
1031 1470 1140 1514 elogio
1158 1474 1210 1502 tan
1227 1465 1394 1511 cumplido

903 1526 945 1549 no
965 1515 1031 1558 hay
1048 1525 1110 1559 (pie
1125 1512 1249 1550 añadir,
1269 1513 1299 1545 ni
1317 1513 1436 1555 quitar,

903 1560 919 1593 á
937 1569 979 1592 no
995 1569 1049 1593 ser
1065 1568 1128 1601 que
1143 1564 1355 1600 aseguremos

904 1613 966 1648 que
982 1608 1074 1637 entre
1090 1612 1132 1636 un
1152 1603 1254 1644 Pedro
1272 1611 1291 1644 y
1309 1605 1401 1633 entre
1418 1608 1460 1632 un
1479 1599 1572 1634 Juan,

904 1658 940 1681 se
959 1647 1102 1691 repartió
1120 1647 1148 1680 la
1163 1645 1288 1679 malicia

907 1704 926 1736 y
945 1693 961 1725 á
977 1693 1026 1725 los
1043 1691 1165 1725 Pedros
1182 1700 1266 1731 cupo
1287 1697 1366 1721 mas.

907 1738 951 1770 No
974 1736 1038 1781 hay
1058 1746 1120 1779 que
1141 1734 1199 1767 fiar
1215 1736 1255 1767 de
1271 1734 1320 1767 los
1342 1734 1444 1776 Pepes

908 1790 971 1824 que
991 1792 1026 1815 es
1041 1785 1140 1825 gente
1157 1789 1241 1822 poco
1261 1776 1392 1816 formal;

908 1836 927 1868 v
945 1826 971 1859 si
991 1825 1056 1868 hay
1073 1825 1192 1869 alguno
1205 1822 1344 1866 juicioso

909 1872 938 1903 le
955 1869 1039 1903 debe
1058 1869 1099 1902 de
1115 1867 1303 1906 confirmar,

909 1923 1035 1957 porque
1052 1914 1081 1947 el
1099 1912 1234 1947 nombre
1252 1911 1293 1945 de
1313 1910 1390 1943 José

908 1968 945 1992 se
964 1958 1097 1992 inventó
1115 1967 1174 2002 por
1190 1955 1358 1989 Carnaval.

910 2004 972 2037 Los
982 2003 1171 2036 Franciscos
1183 2000 1403 2033 inconstantes

910 2047 1012 2081 desde
1029 2045 1124 2080 fecha
1144 2043 1360 2079 inmemorial,

911 2091 974 2124 han
992 2091 1063 2124 sido
1083 2091 1224 2133 siempre
1242 2093 1400 2122 maestros

912 2145 953 2169 en
969 2136 1000 2168 el
1018 2142 1087 2169 arte
1103 2136 1143 2169 de
1164 2133 1317 2176 engañar:

911 2180 1007 2214 dicen
1025 2190 1089 2224 que
1102 2177 1188 2213 hubo
1207 2177 1345 2211 muchos
1357 2175 1462 2219 justos

914 2235 954 2259 en
972 2224 1096 2267 tiempo
1116 2223 1168 2258 del
1185 2221 1289 2266 padre
1310 2220 1408 2257 Adan,
