1588 2416
642 159 1073 197 LOS PAYOS ASTETOS
1458 148 1488 192 5
207 206 674 240 el espadin; ó un en caro,
203 247 709 281 para volar á él y al Novio,
207 287 764 320 un cañon de treintra y cuatro.
162 326 402 361 Laz. Señor...
172 367 512 398 Agued. Amo mio...
170 405 358 438 Ruf. Padre,
207 446 670 477 por la Virgen del Sagrario
207 484 557 516 no se pierda usted.
170 524 409 556 Jud. Dejadme.
171 563 563 595 Ruf. Yo estoy muerta.
172 603 477 635 Jud. Yo rabiando.
164 641 850 674 Laz. Yo rebentando de risa. ap.
167 680 777 715 Agued. Lindamente nos vengamos.
214 719 698 753 ¡Yo linajudo! ¡Ah malvadol
203 759 808 792 No hay mas, adonde le encuentre
209 799 694 831 como á una breva le paso.
171 837 688 871 Ruf. Padre, conténgase usted
209 877 808 910 por esas gentes que á honrarnos;
208 916 710 950 han venido, nada entiendan,
214 957 631 990 que para desagraviarnos
216 997 440 1029 tiempo habrá.
171 1036 545 1069 Jud. Bien reflexionas:
213 1074 586 1108 disimulemos, y vamos
207 1115 684 1147 á que bailen, y se alegren,
212 1154 602 1186 discurrirémos en tanto
218 1193 661 1226 el modo de que no sepan
214 1232 716 1265 la maldad que está pasando;
211 1272 660 1304 mas despues, Escribanillo,
209 1309 854 1342 te he de abrir de arriba abajo, Vase.
167 1351 694 1383 Ruf. Solo lo que dirán siento;
210 1391 621 1424 que Novios á cada paso
212 1430 694 1462 se encuentran: voy á bailar;
211 1467 851 1502 y vayan penas á un lado. Vase.
171 1505 850 1541 Agued. Lazaro, ¡qué embrollos! creo
207 1549 704 1581 nos han de moler á palos,
212 1587 508 1623 si se descubren.
168 1627 850 1660 Laz. Pacencia; Alegres,
217 1668 666 1700 que como dice el adagio,
214 1706 568 1740 la sarna con gnsto...
178 1746 404 1778 Agued. Calla;
215 1785 757 1816 que el Novio creo va entrando:
214 1825 653 1856 lo que le hemos de ecir
220 1863 634 1896 descurramos á este lao.
188 1902 822 1936 Se retiran, y sale Don Marcos,
307 1942 704 1974 Hidalgo risible, tuerto.
172 1980 770 2015 Marc. ¿Qué podrá haber sucedido,
219 2020 671 2053 que mi tio me ha mando
216 2061 716 2092 que si vuelvo á ver la Novia
216 2099 714 2132 me ha de dar un trabucazo
206 2140 660 2172 pero yo estoy de Rufina
220 2177 646 2212 tan aquel, y enamorado,
216 2217 784 2253 que mas que me mate, vuelvo
213 2256 339 2290 á verla.
170 2297 601 2332 Laz, ¡Señor Don Marcos!
891 201 1566 237 Marc. ¿Qué hay, chicos? ¿Sabeis los dos
927 242 1496 276 lo que habido, ó qué ha pasado,
929 280 1285 314 para decirme mi tio
930 319 1426 354 que la boda se ha acabado?
895 360 1487 394 Agued. ¿Y cómo que lo sabemos?
934 398 1301 432 tiene motivos sobraos.
889 438 1295 472 Marc. ¿Y que motivos?
896 479 1214 512 Laz Hay tantos...
928 519 1295 552 Pero mas vale callar;
928 557 1391 592 que nosotros no gustamos
934 597 1382 630 de dar que sentí á naide.
899 638 1530 672 Agued. Lo cierto es, señor Hidalgo,
931 677 1455 711 que con la novia, y su Padre
938 716 1374 749 está usted muy desairao;
929 756 1401 790 y no tiene usted vergüenza,
931 796 1475 828 si vuelve averlos, ni hablarlos.
887 836 1448 868 Marc. Mirad bien lo que decis
931 875 1528 910 ¿Hay quien se atreva á un Hidalgo
936 914 1446 947 como yo, que trae su origen
940 953 1361 987 del décimo nieto octavo
935 993 1458 1028 de Adan nuestro Padre? Vaya,
929 1033 1398 1066 tomad este pan de cuartos,
933 1071 1309 1107 y decid cuanto sepais
935 1112 1482 1144 contra mí honor puro, y claro.
895 1151 1462 1186 Laz. Yo lo dijera á usted; mas,
938 1192 1428 1225 si dempues lo sabe el amo,
939 1231 1207 1263 que me mate...
895 1272 1317 1303 Agued. Y yo lo propio;
935 1310 1475 1344 porque hay tantísimo, y tanto,
938 1350 1456 1382 que usté sepa en el asunto...
939 1389 1324 1422 Pero mas vale callarlo
943 1429 1283 1460 en caría; que poeis
939 1468 1438 1501 caeros muerto de escucharlo.
900 1508 1570 1543 Marc. ¿Pero que han hecho, ó han dicho,
937 1547 1457 1580 de mi; que me vais matando
935 1586 1359 1619 con cuchillo de madera?
935 1626 1513 1663 ¿Que han dicho, perversos Payos?
893 1664 1383 1699 Laz. Escuche usté y llévelo
937 1704 1468 1738 con pacencia, Ha icho el amo,
939 1744 1512 1781 que usté es un hombre vicioso,
936 1784 1354 1816 hambriento, descamisao;
932 1823 1375 1856 y que no casa á su hija
944 1863 1356 1894 con un tuerto remellao.
899 1903 1499 1936 Marc. ¡Habrá infame! Lo primero
944 1943 1400 1975 es todo mentira, es falso:
939 1981 1353 2016 y si tengo este defecto
940 2021 1382 2053 en el ojo, esté enterado
947 2060 1413 2092 que vale un Hidalgo tuerto
938 2100 1566 2137 mas que un millon de hombres bajos,
931 2137 1362 2172 ó plebeyos. Sabeis mas?
906 2179 1530 2212 Agued. De vuestro tio el Escribano
939 2219 1392 2250 dice que tiene unas uñas
944 2257 1492 2291 mas largas que las de un gato.
900 2297 1435 2333 Marc. Es precision del empleo:
