1765 2512
186 291 628 333 no lo recibo por serte
192 341 693 381 súbdito ni Dios lo manda,
183 389 737 429 ni por amor que me tienes,
188 438 693 479 segun tu ira me amenaza:
191 486 627 526 recíbolo porque sepan
187 536 693 575 la ocasion de tal jornada,
187 584 671 630 y de qué efecto procede,
199 633 677 677 por el órden de crianza,
191 684 605 729 y por último remate
191 730 785 773 por los ruegos de tu hermana,
199 779 725 818 no me tengo por dichoso,
199 828 689 870 porque de tu mano salga,
195 875 659 917 sino porque lo permite
200 923 744 965 Dios, en quien yo confiaba:
192 972 605 1013 y si dices que señor
200 1022 626 1061 eres de la Casa Santa,
203 1068 719 1111 y lo llora el buen cristiano
200 1117 686 1159 algun dia por desgracia:
203 1165 721 1208 guarda tú que no lo llores
201 1216 720 1255 en el cuerpo y en el alma.
208 1264 668 1305 Ahí te envio el sobrino
206 1311 728 1355 Asaybey, que asi se llama
209 1363 607 1404 y Malabey el muerto
211 1411 710 1451 embalsamado en su caja.
212 1459 663 1500 Recibe, señor, el vivo,
209 1508 731 1549 pues Alá asi te lo manda,
213 1556 626 1597 con arreos y preseas
212 1603 810 1645 de Italia, Flandes y España.
211 1655 637 1693 Con una veloz galera,
207 1703 713 1743 de oro y seda entapizada,
212 1753 657 1793 á donde va tu sobrino,
212 1800 659 1841 su persona aposentada
214 1848 683 1891 la librea de los remeros
219 1899 687 1938 es de seda azul y plata.
213 1947 649 1989 Mas de fino carmensí
911 265 1419 320 dos corbertores de cama,
911 313 1405 368 de fino oro de Florencia
912 359 1357 415 labrados á la Toscana
912 406 1385 466 con rapacejos de aljofar
914 459 1369 516 y de soda de Granada;
912 509 1430 566 un Arnés hecho en Milán,
921 555 1455 618 que arcabuz no le mellaba
914 602 1435 664 estoque lindo de Flandes,
921 650 1601 714 que el pomo es de una esmeralda;
917 700 1341 755 y con arábigas letras
920 751 1357 805 toda la baina labrada.
919 798 1353 860 De ébano y de marfil
919 846 1469 908 mesa á la turquesa usanza
913 899 1346 951 almohada de brocade
926 942 1474 1006 por asiento, con tus armas
923 990 1426 1049 como Sultán, sobremesa
926 1029 1597 1099 que en cien doblas se apreciaba;
918 1086 1516 1147 tres mantas franjadas de oro,
916 1140 1420 1195 seis paños de fina grana,
922 1186 1427 1243 con armas de oro reales,
926 1238 1393 1288 de la marca veneciana.
925 1284 1292 1343 Recibe lo referido,
925 1334 1393 1391 no porque te deba nada
929 1380 1518 1439 del presente, que al presente
932 1432 1384 1487 otro mejor no se halla,
936 1475 1466 1539 y si no es cual tú mereces
937 1530 1484 1582 tu gran merecer lo ensalza,
938 1576 1338 1635 y mi buena voluntad
936 1623 1463 1680 sé que enmendará mi falta.
945 1674 1472 1730 Y si miedo en tí no existe,
936 1719 1416 1776 tampoco en mi se halla.
938 1769 1509 1831 Que duerma ó vele Mahoma
938 1817 1395 1874 á mí nada se me daba;
937 1870 1498 1920 sé bien que al infierno vola,
941 1913 1477 1974 segun las penas que pasa.
848 2095 983 2148 FIN.
809 2252 1043 2305 CARMONA:
520 2307 1327 2371 Imp. de D. J. M. Moreno. Descalzas. 1.
