1765 2512
120 196 701 246 tae unos cazones e colo e rosa.
217 247 487 286 —Fasica.—Señó.
130 292 513 332 —Qué tienes.—Caló.
172 334 667 378 —Que no te arrime a fuego,
137 375 633 424 que te hará un chicharon.
169 461 699 507 Maria Fasica se quiée casá,
133 507 637 554 pide lisensia, y su amo dá;
136 552 565 596 no tiene ropa tiene ná,
138 593 645 641 Maria Fasica se quiée casá.
423 682 533 724 CORO.
192 767 617 819 Si viri viri corona etc.
188 860 690 900 Biyete grande que yo jugá,
153 904 565 949 la lotería me vá tocá;
151 943 711 991 mi su amo branco me vá robá
149 989 633 1040 poque me dise no tabajá.
445 1075 554 1117 CORO.
203 1162 648 1211 Si viri viri corona, etc.
204 1254 709 1296 Cochino gande que yo criá,
167 1296 693 1342 la mayorola me lo há quitá;
167 1341 677 1388 pobe cochino, pobe animá,
171 1384 689 1433 qué de tabajo no vá á pasá.
465 1472 570 1511 CORO.
215 1556 649 1608 Si viri viri corona, etc.
223 1645 779 1693 Yo vá la compa, yo va la má,
179 1689 711 1739 mi su amo dise que vá sobá:
183 1734 771 1783 ahora ota cosa, ahora ota cosa,
177 1781 659 1828 luego me manda a cafetá.
480 1865 576 1907 CORO.
231 1954 683 2004 Si viri viri corona, etc,
229 2045 677 2087 Oye Fasica, oye Fasica,
197 2083 814 2135 po qué á tu nego no quiés habá?
195 2127 823 2181 po qué demoño, po qué demoño,
191 2171 779 2227 po qué conmigo no quié bailá?
1127 176 1243 217 CORO.
893 261 1352 307 Si viri viri corona, etc.
899 351 1417 390 Yo vá lotero, yo vá lotero,
861 396 1321 441 y le biyete le vá enseñá;
857 440 1397 481 y me lo mira, y me lo mira,
859 486 1364 525 e me reponde que no pagá.
1157 569 1260 608 CORO.
902 656 1357 702 Si viri viri corona, etc.
903 744 1433 786 Pobe neguito, qué tite etá,
874 788 1411 832 tabaja mucho y no gana ná;
871 832 1385 879 pobe neguito, qué tite está,
882 877 1373 920 su mismo amo le etá robá.
1171 963 1274 1002 CORO.
928 1049 1563 1094 Si viri viri corona in quan quan,
883 1103 1231 1139 si viri viri qui ley,
888 1145 1283 1184 si viri viri qui negui.
890 1183 1391 1227 fuali blanqui está endiablá.
935 1224 1523 1268 Mamita, qué querrá ete hombe,
895 1268 1443 1315 qué duce etá la buena guaná!
901 1318 1327 1360 que me tira de la saya,
903 1356 1475 1406 qué duce está la buena guaná!
897 1405 1329 1449 y dice que no me vaya,
902 1445 1476 1490 qué duce está la buena guaná!
902 1492 1315 1534 si no le doy la papaya:
907 1530 1465 1582 qué duce etá la buena guaná!
947 1575 1471 1622 A la guaná duce y asucará:
902 1619 1453 1666 que chupa, rechupa y chupa,
911 1663 1455 1711 qué duce etá la buena guaná!
904 1708 1451 1752 y cuanto mas chupa y chupa,
912 1748 1477 1798 rechupa y chupa y no saca ná.
951 1794 1489 1841 Mi neguito vino é las Indias,
917 1840 1377 1884 toito venia yenito e tiña;
905 1882 1485 1929 mi neguito paque lo conoscas,
919 1926 1499 1973 tae unos cazones e coló e rosa.
999 1974 1277 2012 —Fasica.—Señó.
926 2016 1319 2060 —Qué tienes?—Caló.
961 2061 1458 2103 —Que no te arrime á fuego,
925 2102 1419 2156 que te hará un chicharon.
