1765 2512
333 222 358 261 8

214 276 260 307 #in
279 277 443 315 perjudicar
459 276 501 306 los
518 276 617 307 bienes

214 315 261 346 del
271 325 327 355 que
336 317 463 355 quedase
477 325 511 346 en
530 316 654 356 EspaAa.

213 363 297 385 como
308 356 337 386 ni
348 356 473 394 impedir
491 356 516 386 el
530 365 597 394 paso

213 394 240 423 al
260 404 317 434 que
332 395 357 425 al
371 396 466 426 Africa
479 405 509 425 se
521 401 613 432 parta.

213 432 294 463 Todo
320 434 346 464 lo
363 435 427 465 cual
438 435 576 474 otorgado

212 481 267 510 por
281 473 307 504 el
325 474 440 513 piadoso
466 475 613 509 Monarca,

212 521 248 542 en
265 518 405 551 compaña
420 514 456 544 de
469 523 503 544 su
520 522 631 553 esposa,

211 559 230 588 y
243 553 347 582 mucha
359 559 442 592 gente
456 553 614 589 esforzada,

212 590 262 621 fue
279 591 293 621 á
308 596 401 622 tomar
411 593 436 622 la
459 594 593 631 posesión

211 630 247 660 de
257 631 362 661 ciudad
380 636 426 661 tan
440 632 570 662 deseada.

210 668 234 698 Y
248 671 333 708 junto
344 671 369 700 al
381 671 463 701 Genil
481 671 553 701 salió

210 708 238 738 el
256 709 312 749 Rey
335 710 435 743 Chico,
454 721 469 749 y
497 712 522 740 le
537 710 694 751 entregaba

208 747 252 778 las
261 748 348 778 llaves
365 751 400 779 de
412 751 439 780 la
455 750 569 785 ciudad,

208 795 226 824 y
241 788 414 819 subiéndose
431 790 480 818 ála
499 789 670 823 Alhambra,

208 835 244 856 en
266 827 290 857 la
309 833 385 857 torre
404 829 439 858 de
456 829 591 860 Gomares

206 864 319 896 levantó
336 868 360 897 la
373 869 450 898 señal
468 873 549 898 santa

207 905 244 935 de
257 906 281 935 la
299 907 385 941 Cruz,
403 917 420 946 y
440 908 477 938 de
493 907 538 937 allí
553 907 567 938 á
586 916 670 946 poco,

207 944 243 975 de
256 945 407 976 Fernando
427 957 442 985 y
455 948 490 977 de
501 957 534 977 su
548 947 649 977 amada

207 992 307 1024 esposa
322 986 347 1014 el
361 987 438 1025 regio
453 987 628 1017 estandarte.

208 1022 231 1051 Y
250 1024 347 1063 luegos
360 1025 402 1055 los
420 1026 509 1064 Reyes
521 1027 557 1055 de
573 1034 671 1056 arma9

206 1062 318 1102 dijeron
336 1073 371 1094 en
389 1065 462 1094 altas
472 1074 568 1099 voces,

205 1110 263 1139 que
280 1105 360 1132 todos
380 1104 421 1133 las
434 1104 627 1135 escucharan:

205 1141 232 1170 el
243 1142 301 1182 Rey
315 1142 371 1173 don
389 1143 541 1173 Fernando
554 1145 627 1179 viva,

202 1188 222 1219 y
238 1191 295 1221 que
307 1182 386 1212 reine
395 1183 498 1213 edades
507 1183 600 1223 largas

203 1228 258 1251 con
286 1221 360 1251 doña
375 1222 466 1252 Isabel
482 1232 516 1252 su
534 1231 646 1262 esposa:

201 1267 258 1295 por
267 1261 366 1291 ambos
378 1262 464 1291 desde
475 1262 530 1301 hoy
542 1261 688 1293 Granada.

202 1297 244 1329 La
261 1301 317 1330 real
329 1301 433 1339 Capilla
445 1301 553 1331 entonó

203 1339 230 1369 el
241 1349 277 1370 te
294 1349 341 1371 DEt
351 1349 371 1378 M
385 1341 400 1378 y
418 1340 466 1370 fué
486 1346 565 1371 tanta

201 1378 229 1407 la
240 1379 357 1418 alegría,
370 1389 428 1419 que
444 1380 479 1409 de
493 1390 564 1418 gozo

199 1417 268 1448 todo
285 1419 426 1449 Cristiano
442 1419 562 1451 lloraba.

197 1456 312 1488 Tanian
330 1459 379 1488 mil
394 1458 605 1489 instrumentos

199 1506 254 1536 por
272 1498 312 1528 las
328 1497 413 1528 calles
425 1507 440 1536 y
458 1498 500 1527 las
517 1498 622 1536 plazas,

198 1545 217 1574 y
227 1537 339 1567 cuando
351 1538 417 1567 vino
434 1537 459 1567 la
477 1538 581 1571 noche.

195 1562 641 1616 fuegos hubo y luminarias,
197 1603 549 1655 jugando galanamente
195 1644 563 1696 las alcancias y cañas.
946 277 968 307 Y
985 277 1069 316 luego
1096 276 1121 306 al
1138 276 1183 308 dia
1205 279 1348 318 siguiente

945 317 1025 347 todos
1043 317 1083 346 los
1099 317 1229 348 Grandes
1252 318 1289 347 de
1305 318 1367 358 gala

944 357 1081 386 visitaron
1099 356 1114 386 á
1141 357 1183 386 los
1206 357 1307 396 Reyes,

944 404 960 434 y
977 396 1001 425 al
1022 396 1106 425 besar
1122 405 1173 425 sus
1201 405 1301 426 manos
1318 397 1445 431 blancas,

942 435 978 464 de
992 435 1124 465 Granada
1147 446 1161 474 y
1176 435 1209 465 de
1222 446 1256 466 su
1275 437 1356 467 reino

942 474 969 504 lo
982 476 1107 513 juraron
1120 484 1172 513 por
1198 475 1343 506 Monarca.

942 513 1002 544 Fue
1014 515 1141 543 también
1154 515 1168 543 á
1182 514 1324 545 visitarles

942 562 1011 592 muy
1030 563 1129 592 gozosa
1148 554 1172 583 la
1192 554 1324 588 Sultana,

941 601 958 631 y
975 593 1073 622 siendo
1091 593 1156 622 bien
1184 593 1322 629 recibida,

941 633 1034 662 reveló
1050 633 1076 662 lo
1094 642 1150 671 que
1168 633 1322 663 archivaba

940 679 974 710 ya
993 677 1051 701 tres
1067 675 1137 701 años
1153 681 1187 702 en
1206 682 1239 702 su
1258 673 1361 712 pecho,

940 719 996 748 que
1012 712 1112 750 quería
1141 721 1187 740 ser
1204 711 1358 743 Cristiana.

941 750 961 779 Y
974 750 1016 779 los
1026 751 1118 788 Reyes
1129 760 1197 789 muy
1209 752 1321 787 alegres

938 790 1097 819 ofrecieron
1124 790 1299 828 ampararla,

938 829 1108 859 sirviéndole
1128 830 1163 858 de
1193 831 1340 868 padrinos,

936 877 951 901 Í
967 868 993 898 el
1006 878 1098 898 nuevo
1118 869 1274 907 Arzobispo
1288 870 1314 899 el
1330 878 1402 908 agua

936 905 963 937 e
979 908 1050 937 echó
1060 908 1105 937 del
1121 913 1203 937 santo
1221 909 1378 944 bautismo,

938 956 954 985 y
971 948 1116 985 quisieron
1141 957 1171 976 se
1189 947 1318 978 llamara,

936 987 960 1015 si
978 987 1108 1021 Sultana,
1132 987 1230 1016 siendo
1248 988 1338 1022 Mora,

936 1026 1010 1054 doña
1028 1025 1101 1055 lsab.
1112 1026 1121 1055 1
1138 1027 1173 1055 de
1194 1026 1336 1057 Granada.

936 1064 958 1094 Y
969 1066 1117 1095 casándola
1136 1066 1259 1103 después

934 1113 987 1134 con
1006 1114 1044 1134 un
1062 1105 1160 1144 joven,
1179 1115 1233 1142 que
1250 1105 1356 1144 gozaba

934 1144 1121 1175 esclarecidos
1138 1145 1280 1179 blasones,

935 1192 969 1213 su
988 1184 1080 1213 Alteza
1094 1193 1147 1213 con
1161 1193 1244 1213 mano
1262 1186 1360 1214 franca

935 1222 960 1252 le
976 1222 1024 1252 dió
1036 1232 1070 1253 en
1089 1224 1152 1252 dote
1165 1224 1215 1253 dos
1227 1224 1376 1256 ciudades;

934 1271 950 1300 y
963 1262 1013 1292 ella
1031 1263 1045 1292 á
1060 1272 1094 1292 su
1111 1262 1221 1293 esclava
1234 1264 1395 1302 Esperanza

933 1301 968 1331 de
985 1302 1048 1332 Hita
1065 1301 1090 1331 le
1107 1302 1295 1338 diólivertad,

933 1349 950 1378 y
962 1350 992 1370 se
1006 1342 1053 1371 fue
1064 1341 1078 1370 á
1090 1342 1164 1371 Mola
1178 1350 1211 1371 su
1229 1344 1332 1381 patria.

932 1380 967 1411 El
986 1381 1042 1418 Rey
1059 1380 1190 1411 Chicóse
1203 1383 1296 1419 partió

931 1428 998 1458 para
1010 1421 1035 1449 el
1052 1421 1157 1453 Africa,
1179 1430 1213 1450 en
1231 1426 1370 1460 compaña

931 1459 966 1489 de
982 1460 1023 1488 los
1036 1459 1167 1489 Gómeles
1182 1469 1248 1498 muy
1267 1461 1360 1494 triste,

931 1508 1003 1538 pues
1019 1499 1078 1528 real
1089 1503 1167 1528 cetro
1179 1508 1215 1528 no
1231 1501 1407 1539 empuñaba;

929 1546 948 1572 Í
962 1547 996 1568 en
1011 1539 1105 1567 Africa
1123 1538 1214 1568 aleves
1232 1549 1332 1570 manos

931 1574 958 1606 e
973 1578 1072 1607 dieron
1091 1578 1116 1607 la
1129 1583 1239 1606 muerte
1250 1580 1388 1611 infausta.

934 1615 958 1645 Y
973 1626 1025 1647 con
1040 1621 1100 1646 esto
1110 1616 1136 1645 el
1149 1618 1291 1648 auditorio

929 1655 1101 1688 disimulará
1119 1656 1162 1686 las
1179 1655 1270 1687 faltas.

837 1966 962 2021 FIN.

708 2266 1093 2306 CARMONA:—1853.

256 2317 434 2366 Imprenta
452 2314 497 2353 de
517 2313 557 2353 D.
580 2314 664 2354 José
684 2314 729 2354 M.
752 2316 908 2362 Moreno,
928 2317 1018 2356 calle
1040 2318 1083 2355 de
1105 2316 1158 2354 las
1179 2316 1368 2356 Descalzas
1391 2317 1489 2356 núm.
1512 2319 1545 2356 1.
