1765 2512
285 209 434 250 porque
452 208 494 236 es
514 192 710 233 contristar
730 188 752 228 á
767 187 915 228 ustedes

286 270 332 295 en
353 255 452 307 igual
468 255 514 293 de
533 252 564 292 ir
580 248 796 301 alegrarlos.

286 316 465 361 Señores,
489 314 523 350 lo
541 322 613 360 que
633 307 770 348 socede

285 387 333 412 en
352 380 436 412 este
455 368 596 409 mundo
616 380 656 407 es
675 381 723 406 un
749 378 856 418 Fasgo
856 382 862 393 ;

286 433 333 470 de
353 434 388 470 lo
409 442 483 482 que
503 427 575 467 amí
592 441 650 467 me
669 426 774 478 pasó;

287 504 327 530 es
347 503 397 529 un
419 490 527 529 lance
549 498 636 538 muy
657 486 813 538 pesado:

288 550 319 589 si
340 550 433 590 cada
456 560 524 587 ve*
547 559 620 598 que
640 558 700 585 me
716 544 887 584 acuerda

287 622 348 648 me
368 608 492 660 quedo
511 605 809 659 pampaneando;

287 669 449 720 quisiera
468 675 574 707 tener
594 665 656 704 mil
675 664 830 715 lenguas

285 741 374 778 para
397 727 519 778 poder
540 722 750 774 esp'icarlo:

285 785 457 838 válgame
477 781 565 835 aquí
584 782 755 827 Cicerón,

285 845 458 896 Egipcios
483 856 503 894 y
522 838 815 892 Longobardos,

288 917 308 955 y
328 904 434 942 todos
453 902 509 942 los
532 898 730 947 Filosófos,

283 975 354 1002 con
370 963 478 1002 todos
495 974 558 1001 sus
577 958 814 1012 explicasios;

287 1023 448 1072 quisiera
469 1033 528 1059 ser
549 1019 744 1059 elocuente

287 1093 381 1131 para
401 1080 613 1118 elocuenlar
633 1091 681 1114 un
703 1083 803 1116 rato:

285 1139 435 1177 ustedes
457 1136 689 1189 perdonarán

284 1200 355 1237 mis
374 1196 587 1249 hipérboles
626 1202 687 1235 tan
704 1194 845 1233 bastos.

283 1257 479 1308 Empiezo,
498 1268 600 1307 pues,
627 1255 693 1293 mis
712 1254 886 1301 Señores,

286 1315 309 1354 á
333 1314 535 1367 amplificar
553 1321 631 1354 este
650 1327 751 1353 caso:

285 1375 370 1426 digo
386 1387 492 1426 pues,
515 1387 563 1413 no
584 1374 714 1425 quiero
730 1372 884 1421 decirlo,

285 1446 360 1484 que
378 1446 417 1472 es
437 1445 525 1472 cosa
541 1433 587 1471 de
607 1433 672 1470 dar
684 1430 842 1470 cuidado

287 1491 309 1530 á
327 1491 434 1531 todos
452 1491 508 1530 los
529 1503 602 1543 que
626 1491 712 1542 aqui
732 1488 850 1537 están,

286 1565 308 1603 y
339 1563 379 1591 se
398 1550 472 1590 han
492 1550 536 1590 de
552 1550 693 1602 quedar
732 1548 960 1598 temblando,-

283 1622 375 1661 pero
399 1610 429 1648 si
447 1622 495 1662 yo
511 1622 558 1647 no
578 1609 614 1648 lo
630 1609 714 1660 digo

280 1682 344 1709 me
364 1669 411 1708 he
429 1669 475 1708 de
497 1668 607 1706 morir
629 1668 674 1706 de
695 1666 860 1706 callarlo:

284 1728 306 1766 á
335 1728 473 1766 decirlo
488 1740 573 1778 voy,
597 1727 771 1775 Señores,

284 1800 333 1839 ya
354 1800 423 1827 veo
434 1799 511 1839 que
530 1784 613 1825 será
633 1786 783 1833 chasco,

284 1847 388 1886 darle
402 1845 424 1885 á
444 1846 591 1884 ustedes
613 1858 684 1896 que
698 1845 831 1892 sentir,

282 1918 400 1957 venga
420 1906 455 1943 lo
477 1917 550 1956 que
566 1916 697 1956 venga,
719 1904 755 1944 al
776 1914 878 1942 caso.

283 1970 381 2008 Pues
401 1970 574 2018 Señores,
596 1976 673 2008 esta
692 1969 827 2018 noche,

282 2041 384 2086 ¿esta
401 2035 523 2075 noche
542 2048 618 2089 que
641 2034 757 2074 ahora
778 2032 964 2074 estamos?

287 2114 348 2149 no,
369 2113 442 2153 que
461 2114 525 2140 era
543 2101 579 2140 la
599 2101 753 2153 pasada,

284 2168 313 2206 si
334 2170 395 2206 fue
415 2166 568 2206 eslaudo
584 2179 631 2219 yo
652 2166 845 2214 acostado,

289 2245 380 2285 ¿con
401 2245 474 2287 que
490 2230 552 2275 fué
573 2233 718 2274 anoche
737 2230 920 2274 Señores?

1016 198 1125 229 como
1143 187 1205 227 iba
1225 186 1434 236 relatando,

1014 247 1173 293 anoche,
1196 245 1342 286 cuando
1365 259 1423 285 me
1443 247 1608 288 acuerdo

1016 308 1049 348 el
1069 317 1228 347 corazón
1249 315 1308 342 me
1327 303 1375 342 da
1398 305 1526 355 saltos,

1016 367 1168 407 ustedes
1190 360 1440 418 perdonarán,

1017 439 1092 479 que
1112 438 1151 466 se
1168 422 1286 464 acabó
1302 433 1347 474 ya
1368 419 1402 460 el
1422 421 1606 468 contarlo,

1021 499 1100 525 mas
1120 498 1194 537 que
1214 496 1272 524 me
1294 492 1420 521 muera
1438 478 1460 516 ó
1486 478 1666 518 rebiente:

1021 558 1091 598 por
1104 545 1186 585 vida
1208 544 1254 584 de
1273 541 1340 582 mis
1360 536 1536 592 pecados,

1023 618 1097 656 que
1116 606 1145 644 si
1165 617 1212 643 no
1230 606 1333 642 fuera
1353 610 1498 653 porque

1023 664 1170 703 estarán
1190 676 1238 715 ya
1261 657 1498 701 rebentando

1020 722 1075 761 las
1094 723 1256 760 Señoras
1275 733 1345 771 por
1365 718 1527 765 saberlo,

1021 787 1123 820 tanto
1144 780 1299 817 hablara
1313 790 1421 816 como
1438 790 1486 815 un
1503 775 1606 828 palo.

1020 838 1104 890 Voy
1122 837 1143 876 á
1163 836 1317 882 decirlo,
1339 835 1516 874 Señoras:

1017 909 1127 937 como
1145 897 1206 936 iba
1226 894 1438 942 relatando,

1016 958 1175 1009 después
1190 955 1239 994 de
1249 955 1286 994 la
1310 953 1430 993 media
1458 951 1595 1001 noche,

1016 1017 1136 1056 serian
1155 1016 1210 1055 las
1225 1015 1318 1053 doce
1334 1026 1357 1064 y
1378 1018 1522 1060 cuarto,

1015 1076 1070 1116 asi
1087 1086 1183 1126 poco
1195 1086 1274 1112 mas
1295 1072 1317 1112 ó
1339 1083 1468 1111 menos

1016 1134 1144 1174 estaba
1161 1146 1246 1185 muy
1268 1132 1507 1181 descuidado,

1013 1193 1163 1232 tendido
1184 1204 1279 1231 cuan
1295 1192 1399 1244 largo
1420 1205 1502 1243 soy,

1014 1265 1086 1293 con
1108 1251 1242 1291 mucho
1261 1258 1369 1304 gusto
1390 1264 1411 1303 y
1433 1251 1631 1299 descanso,

1016 1313 1162 1352 cuando
1178 1311 1312 1350 siento:
1359 1309 1446 1362 ¡qué
1465 1309 1611 1362 agonía!

1016 1371 1162 1412 cuando
1182 1371 1319 1409 siento:
1356 1369 1443 1421 ¡qué
1481 1370 1692 1421 hipografo/

1016 1444 1063 1483 ya
1082 1431 1137 1470 los
1157 1430 1314 1469 alientos
1334 1429 1462 1468 vitales

1011 1503 1050 1530 se
1071 1502 1128 1529 me
1149 1489 1292 1528 acaban
1313 1488 1361 1528 de
1380 1500 1554 1539 porrazo,

1014 1562 1033 1600 y
1056 1555 1164 1600 torpe
1184 1548 1220 1587 el
1239 1547 1531 1587 entendimiento

1011 1609 1080 1648 tira
1119 1620 1227 1647 cozes
1248 1619 1269 1659 y
1290 1607 1472 1646 bocados:

1015 1666 1104 1720 ¡qué
1123 1666 1329 1718 desgracia!
1367 1665 1454 1717 ¡qué
1475 1665 1665 1706 desdicha/

1017 1725 1105 1777 ¡qué
1128 1724 1327 1764 tormento!
1351 1724 1438 1776 ¡qué
1454 1725 1647 1779 desmayo!

1012 1784 1111 1835 Digo
1126 1797 1229 1835 pues,
1253 1796 1326 1835 que
1345 1796 1405 1823 me
1425 1783 1530 1823 bulló

1013 1843 1147 1894 debajo
1168 1843 1213 1881 de
1232 1851 1310 1882 este
1329 1843 1504 1891 costado;

1013 1902 1060 1941 de
1075 1909 1153 1941 este
1173 1903 1317 1950 mismo,
1341 1902 1410 1941 mis
1429 1902 1609 1951 Señores,

1013 1978 1062 2005 no
1081 1980 1121 2007 se
1136 1968 1289 2020 piensen
1319 1980 1393 2020 que
1408 1980 1448 2007 es
1468 1970 1628 2019 engaño,

1014 2045 1158 2086 porque
1173 2034 1300 2073 estaba
1321 2046 1370 2085 yo
1398 2039 1584 2086 presente,

1012 2112 1032 2151 y
1056 2111 1114 2139 me
1134 2099 1303 2139 atreveré
1323 2098 1344 2137 á
1359 2097 1520 2150 jurarlo:

1013 2164 1122 2215 sentí,
1146 2178 1251 2218 pues,
1270 2164 1408 2205 vuelvo
1424 2163 1446 2202 á
1466 2163 1580 2213 decir,

1014 2231 1148 2285 debajo
1168 2232 1214 2272 de
1233 2237 1311 2272 este
1331 2229 1500 2282 contado,
