1737 2508
1484 200 1528 253 5
226 259 320 301 partió
332 259 356 290 el
374 268 432 290 uno
449 268 515 298 para
533 260 558 290 el
569 264 644 295 otro,

225 300 396 339 pareciendo
409 309 465 339 que
477 300 605 331 chocaba

226 349 266 369 un
284 344 380 369 monte
397 349 449 368 con
467 344 530 368 otro
545 344 653 373 monte,

226 388 243 417 y
250 380 293 408 sin
304 378 475 408 remediarse
492 388 526 408 en
540 380 626 413 nada,

224 419 326 448 ambos
342 419 470 448 vinieron
486 419 501 447 á
516 418 617 452 tierra,

224 467 241 496 y
251 458 373 488 sacando
391 458 431 487 las
449 458 581 498 espadas,

225 506 359 527 armaron
376 498 413 526 tal
436 497 576 532 herrería,

223 546 280 574 que
297 536 337 566 las
353 545 449 566 armas
461 537 661 569 destrozaban.

223 576 246 605 A
263 576 305 605 los
318 576 459 614 primeros
475 583 648 608 encuentros

222 623 276 653 por
293 624 348 644 una
367 620 438 644 treta
456 616 624 653 impensada

223 654 248 683 el
262 654 386 684 valeroso
401 654 457 684 don
468 654 543 685 Juan

222 694 288 723 sacó
298 703 333 723 en
349 703 387 723 un
407 694 500 723 muslo
517 704 573 725 una
591 696 676 735 llaga.

221 732 311 767 Quiso
326 743 383 772 que
400 734 520 763 volviese
531 736 556 765 al
573 736 654 770 cebo,

222 781 238 810 y
257 772 403 802 volviendo
417 773 461 802 sin
480 774 615 804 tardanza

222 811 278 840 don
295 812 369 841 Juan
388 821 419 849 ya
437 813 652 848 sobreavisado,

221 851 319 880 señaló
337 861 392 881 una
406 851 503 881 herida
524 852 606 884 falsa:

222 889 247 919 el
265 890 343 920 Moro
364 891 466 920 acudió
482 892 506 920 al
527 902 639 931 reparo,

221 929 410 959 cubriéndose
423 939 474 959 con
494 931 518 959 la
538 934 653 973 adarga;

223 977 291 1007 pero
303 970 468 999 rebatiendo
485 971 509 998 el
528 971 612 1003 brazo

222 1001 278 1038 don
294 1008 368 1038 Juan
385 1019 436 1039 con
454 1009 549 1039 fuerza
568 1022 582 1050 y
601 1014 733 1053 pujanza,

223 1048 288 1076 todo
301 1058 339 1077 un
360 1049 452 1077 muslo
464 1049 488 1077 le
499 1052 577 1080 cortó

221 1086 302 1116 hasta
324 1096 404 1117 cerca
422 1088 456 1117 de
469 1087 493 1116 la
512 1092 595 1120 caña.

221 1125 256 1156 El
273 1127 351 1156 Moro
368 1127 461 1165 quedó
475 1127 605 1163 burlado,

220 1174 237 1202 y
255 1171 335 1195 antes
346 1176 400 1203 que
417 1176 446 1196 se
458 1166 621 1202 recobrara,

221 1205 281 1234 alzó
299 1214 332 1234 su
352 1206 434 1235 brazo
452 1206 625 1245 invencible,

223 1253 240 1282 y
253 1245 279 1274 le
290 1244 337 1274 dió
352 1248 386 1274 tal
399 1246 576 1281 cuchillada,

221 1292 278 1321 que
289 1284 314 1313 le
326 1293 445 1314 cerceno
461 1286 485 1314 el
504 1294 653 1323 pescuezo:

221 1322 248 1352 le
260 1325 415 1362 asegundó,
434 1334 449 1363 y
466 1334 549 1355 como
566 1327 675 1358 echaba

222 1368 299 1392 tanta
317 1373 431 1402 sangre,
451 1364 499 1393 fue
517 1364 648 1397 bastante

220 1404 236 1431 á
254 1404 442 1432 trastornarle
457 1404 494 1433 de
509 1406 651 1443 espaldas,

219 1450 237 1480 y
254 1442 405 1472 reboleado
421 1452 455 1472 en
473 1452 506 1472 su
524 1453 639 1482 sangre,

219 1481 308 1511 acabó
318 1491 351 1511 en
371 1483 503 1511 mortales
525 1485 632 1514 ansias.

220 1522 308 1550 Como
324 1521 379 1549 don
395 1521 468 1550 Juan
487 1522 513 1550 lo
530 1524 575 1552 vió
593 1528 718 1557 muerto,

220 1561 235 1589 á
247 1561 313 1590 Dios
327 1560 420 1590 rindió
438 1561 559 1591 muchas
576 1563 699 1599 gracias,

219 1608 236 1637 y
250 1599 382 1629 montado
398 1609 433 1629 en
450 1609 483 1629 su
498 1600 618 1636 caballo,

219 1639 266 1668 allí
284 1639 363 1669 hacia
381 1649 418 1669 un
438 1639 501 1668 lado
518 1649 548 1670 se
565 1647 675 1681 aparta.

220 1679 381 1709 Mahandon
395 1680 409 1708 á
426 1678 482 1709 don
494 1679 600 1710 Alonso

219 1718 246 1747 le
266 1718 337 1758 dijo:
353 1719 416 1757 deja
434 1727 492 1757 que
513 1728 580 1758 vaya

217 1758 305 1787 ahora
319 1760 333 1787 á
351 1767 455 1796 vengar
476 1758 511 1786 de
529 1759 568 1788 mi
582 1760 721 1790 hermano

217 1796 243 1827 la
262 1804 385 1831 muerte,
404 1806 459 1835 que
475 1802 534 1825 esta
554 1798 656 1829 batalla

217 1835 340 1874 después
357 1838 381 1865 la
395 1836 617 1869 concluiremos.

218 1876 281 1906 Don
299 1877 402 1905 Alonso
418 1876 488 1915 dijo:
507 1877 590 1912 calla,

217 1923 235 1953 y
254 1920 283 1945 tu
301 1915 415 1945 defensa
435 1924 569 1952 procura,

218 1964 275 1992 que
287 1964 323 1984 en
334 1955 358 1984 el
376 1955 463 1993 grado
479 1964 514 1983 en
532 1964 588 1994 que
605 1965 634 1985 se
652 1956 726 1985 halla

220 1999 249 2023 tu
262 1994 412 2028 hermano,
431 1998 458 2022 te
471 1995 551 2023 verás
569 2001 677 2033 presto,

218 2043 289 2072 pues
306 2034 342 2062 ha
375 2034 410 2062 de
421 2033 531 2070 quedar
548 2035 672 2073 vengada

218 2074 272 2111 hoy
289 2073 324 2102 de
337 2073 377 2101 los
395 2072 609 2111 Abencerrages

218 2118 296 2142 tanl3
313 2121 416 2150 sangre
427 2111 608 2142 derramada.

218 2152 424 2182 Encolerizado
440 2151 463 2179 el
477 2151 567 2187 Maro,

218 2201 271 2221 con
290 2192 362 2222 furia
375 2190 505 2229 arrojóla
524 2191 615 2224 lanza,

221 2240 234 2267 y
253 2231 278 2259 al
296 2232 418 2260 revolver
435 2231 490 2258 don
510 2229 614 2260 Alonso

220 2269 244 2298 al
261 2270 369 2300 caballo
387 2278 437 2307 por
453 2269 477 2298 la
498 2269 591 2306 lujada

221 2319 250 2339 se
267 2310 290 2340 le
309 2310 391 2340 enltó
407 2309 432 2339 el
449 2310 543 2348 agudo
561 2309 670 2345 hierro,

953 257 1138 297 quedándose
1156 258 1333 294 atravesada.

953 299 988 328 El
1007 299 1091 328 bruto
1119 307 1185 336 muy
1206 299 1261 328 mal
1278 298 1390 332 herido,

953 338 1049 367 dando
1065 337 1152 366 saltos
1174 347 1204 367 se
1221 338 1353 377 quejaba,

954 377 999 407 sin
1016 377 1158 415 sujetarse
1183 376 1197 406 á
1213 378 1252 407 las
1267 379 1393 410 riendas,

953 425 971 454 y
988 417 1134 446 temiendo
1159 425 1214 446 una
1232 417 1392 455 desgracia,

953 455 988 485 de
1004 455 1029 484 él
1047 465 1077 484 se
1093 455 1189 494 arrojó
1205 456 1259 486 don
1278 457 1395 492 Alonso,

953 504 970 533 y
987 495 1117 524 confiado
1135 504 1170 524 en
1188 495 1213 525 la
1231 497 1356 536 ventaja,

953 534 978 563 el
994 535 1072 563 Moro
1086 534 1111 563 le
1122 535 1274 565 acometió.

950 573 1012 603 Don
1031 574 1136 602 Alonso
1153 574 1177 602 al
1201 584 1250 604 ver
1269 574 1377 613 llegaba

952 612 967 641 á
985 613 1037 641 dar
1054 613 1141 641 sobre
1168 612 1193 641 él
1210 614 1234 643 el
1252 614 1372 648 caballo,

951 651 1023 680 daba
1043 661 1080 680 un
1100 652 1171 680 salto
1189 660 1204 690 y
1221 662 1251 683 se
1263 653 1411 692 apartaba.

954 690 975 720 Y
993 692 1019 721 al
1038 691 1116 720 Moro
1133 691 1157 720 le
1169 692 1227 730 dijo
1244 693 1353 729 airado;

954 731 978 760 si
997 740 1031 760 en
1047 734 1162 768 apearte
1182 735 1208 760 te
1226 732 1334 768 tardas,

954 774 982 800 te
993 770 1028 800 he
1042 770 1077 800 de
1093 775 1185 799 matar
1197 771 1221 799 el
1234 771 1353 806 caballo,

953 818 1010 846 que
1028 819 1074 839 esa
1092 818 1121 839 es
1132 810 1231 839 acción
1250 821 1316 850 muy
1337 812 1451 843 villana.

953 848 1012 878 Con
1030 853 1091 879 esto
1108 848 1134 878 el
1151 849 1230 878 Moro
1246 858 1276 880 se
1294 860 1374 889 apea,

950 896 968 926 y
985 888 1109 918 sacando
1130 887 1172 917 las
1203 890 1335 928 espadas,

950 927 998 957 allí
1014 936 1185 966 empezaron
1203 928 1238 958 de
1263 938 1355 959 nuevo

951 966 977 995 la
994 967 1160 1006 sangrienta
1178 976 1193 1005 y
1210 968 1290 998 cruel
1317 968 1433 999 batalla.

951 1006 1032 1036 Tuvo
1049 1007 1163 1036 ocasión
1180 1006 1236 1036 don
1255 1007 1373 1042 Alonso,

951 1054 968 1084 y
983 1055 1066 1075 como
1078 1046 1198 1078 diestro,
1227 1047 1252 1075 la
1273 1049 1378 1084 espada

950 1094 980 1114 se
991 1085 1016 1114 la
1033 1084 1118 1114 entró
1135 1093 1188 1122 por
1202 1095 1240 1114 un
1259 1087 1348 1121 vacio,

980 1124 1062 1154 tedió
1076 1133 1131 1154 una
1146 1125 1244 1154 herida
1266 1125 1353 1156 mala.

950 1163 984 1193 1
1001 1164 1081 1193 Moro
1096 1164 1195 1193 airado
1209 1173 1227 1203 y
1239 1164 1373 1196 soberbio

950 1202 966 1232 á
982 1202 1039 1233 don
1057 1204 1161 1233 Alonso
1177 1202 1313 1242 descarga

951 1247 1000 1272 tan
1019 1242 1188 1272 desaforado
1218 1243 1313 1281 golpe,

951 1290 1008 1319 que
1019 1282 1045 1311 el
1057 1283 1151 1321 águila
1176 1290 1233 1321 que
1250 1281 1369 1319 llevaba,

951 1320 977 1350 le
989 1322 1080 1353 cortó,
1100 1331 1116 1361 y
1133 1330 1167 1351 en
1187 1321 1213 1351 la
1229 1320 1332 1352 cabeza

950 1368 1008 1390 una
1022 1361 1094 1390 mala
1114 1360 1214 1391 herida
1236 1368 1311 1395 saca,

949 1408 967 1438 y
983 1400 1084 1438 picado
1100 1401 1156 1430 don
1175 1399 1291 1434 Alonso,

949 1445 1030 1470 antes
1046 1448 1103 1478 que
1113 1440 1140 1470 le
1157 1439 1349 1477 asegundara,

949 1486 1003 1516 por
1019 1485 1101 1509 entre
1133 1480 1158 1509 la
1176 1478 1390 1514 abrochadura,

950 1526 966 1555 y
983 1518 1009 1548 la
1026 1519 1107 1556 junta
1124 1519 1161 1548 de
1177 1517 1218 1547 las
1235 1526 1331 1547 armas

949 1556 976 1586 la
996 1558 1089 1596 aguda
1111 1556 1215 1596 espada
1232 1555 1258 1586 le
1273 1556 1369 1592 entró,

950 1605 966 1634 y
983 1597 1008 1626 le
1021 1597 1140 1635 pasólas
1156 1598 1303 1627 entrañas.

948 1635 1024 1675 Cayó
1040 1635 1217 1666 amortecido
1233 1635 1258 1666 el
1277 1634 1369 1669 Moro,

948 1684 966 1713 y
982 1675 1159 1714 agonizando
1184 1674 1232 1705 allí
1248 1675 1348 1710 acaba,

946 1714 982 1744 de
996 1716 1023 1744 lo
1041 1715 1106 1745 cual
1120 1715 1168 1744 dió
1184 1713 1291 1746 Alonso

944 1753 960 1783 á
978 1755 1045 1783 Dios
1062 1755 1183 1784 muehas
1206 1752 1367 1783 alabanzas:

946 1801 1000 1822 con
1021 1793 1046 1822 el
1060 1793 1170 1823 caballo
1187 1791 1232 1823 del
1250 1792 1330 1821 Moro

947 1832 995 1862 fue
1010 1833 1024 1861 á
1042 1833 1135 1862 donde
1146 1832 1202 1862 don
1233 1831 1307 1861 Juan
1321 1828 1417 1860 estaba

947 1871 1003 1901 don
1022 1872 1136 1902 Manuel
1154 1881 1170 1910 y
1183 1870 1225 1901 Ali
1243 1870 1363 1900 Hamete

948 1910 1141 1942 fuertemente
1153 1909 1288 1949 peleaban

948 1951 962 1979 á
981 1950 1038 1988 pie,
1056 1960 1127 1990 pues
1139 1959 1171 1988 ya
1189 1950 1231 1980 los
1244 1947 1369 1978 caballos

947 1991 1083 2019 rendidos
1094 1990 1140 2019 del
1155 1988 1221 2019 todo
1236 1988 1379 2031 estaban,_

945 2028 1001 2058 don
1018 2028 1130 2059 Manuel
1148 2036 1201 2058 con
1218 2028 1300 2058 cinco
1318 2024 1443 2059 herida»,

944 2076 961 2106 y
977 2069 1003 2099 el
1020 2069 1099 2098 Moro
1109 2076 1163 2098 con
1174 2068 1256 2097 cinco
1272 2066 1361 2095 mala»

945 2108 1017 2137 anda
1040 2109 1065 2137 al
1084 2107 1204 2138 rededor
1220 2106 1263 2135 del
1285 2105 1375 2136 Moro,

945 2148 1088 2179 haciendo
1096 2146 1147 2177 mil
1157 2145 1325 2176 carabanas,

945 2187 1059 2218 tirando
1076 2188 1091 2215 á
1106 2186 1215 2216 diestro
1240 2194 1255 2222 y
1272 2183 1407 2213 siniestro

947 2228 1061 2257 rebeses
1074 2236 1089 2264 y
1102 2224 1289 2255 cuchilladas.

948 2267 1008 2296 Don
1027 2264 1139 2296 Manuel
1157 2273 1188 2293 se
1203 2262 1298 2293 estaba
1315 2259 1423 2298 quicio,

946 2304 1131 2346 aguardando
1141 2313 1171 2334 se
1183 2309 1326 2335 acercara,
