1737 2508
127 254 655 295 A. Miosté, tio, elante é mí
178 303 648 343 no quiero que jable osté
182 353 653 393 malamente de ese moso,
184 400 605 441 que vale mas mi José
180 449 726 491 que toos los hombres nacíos
183 498 681 540 que nascan y puean nasé.
184 546 731 587 Con que sierrosté el piquito,
188 596 711 637 que mas se aelanta, estasté,
188 644 610 685 con una gota é jarabe
188 693 670 733 que con una arroba é jié:
186 742 579 782 y nasí para quererlo
184 790 601 829 y lo tengo que querè
190 839 661 879 hasta que me quee pelá.
139 880 761 928 C. Pero si es un tuno, no lo vés?
192 936 649 976 don Cárlos te hará feliz,
192 983 760 1024 pues además de tener riqueza
191 1032 665 1072 es muy fino y representa
187 1082 670 1121 buen papel en la ciudad.
141 1132 559 1172 A. Válgame un divé,
193 1179 685 1221 paqué quiero esa riqueza,
196 1228 662 1269 que se las guarde pa él:
189 1276 718 1314 yo quiero merá de hambre
191 1325 571 1364 al lado de mi José:
198 1372 730 1412 que cuando dos se camelan
195 1423 681 1460 aunque no avillen parné,
196 1470 675 1509 no se acuerdan en la via
200 1520 601 1558 de comé ni de bebé,
195 1568 613 1606 ni tienen caló ni frio,
203 1616 762 1654 y siempre están mu contento,
199 1666 586 1703 eso lo jiso un debé:
207 1712 703 1752 que mas engorda el amor
207 1763 676 1801 que las galas y el lovén;
203 1811 614 1849 es la pura, tiito mio;
208 1858 628 1898 esas cosas han de ser
202 1908 643 1947 á gusto de los chavea,
202 1957 680 1996 que lo demá es vulipen.
155 2006 629 2044 C. Maldita tu gerigonza,
211 2053 711 2093 que no puedo comprender
212 2105 622 2142 una palabra siquiera;
212 2153 687 2191 qué quiere decir lobien,
209 2202 727 2242 presqui, manjase, chaviea;
1383 195 1419 231 3
891 246 1398 284 qué lengua es esa, mujer?
838 296 1389 336 A. El lenguaje de la gracia,
889 343 1371 383 ¿no lo chana su merced?
843 392 1371 430 C. Maldita de Dios la cosa.
840 439 1363 478 A. Pues yo se lo esplicaré:
896 489 1301 527 tóo esto quiere decir
896 540 1299 574 que José nasió pa mí
887 586 1238 623 y yo nasí pa José;
900 632 1400 673 que tal, ma esplicao, tio?
1013 681 1354 720 Váse D. Cándido.
900 731 1421 770 Cuarquiera me vuelve atrá
898 781 1341 819 habiendo dicho que sí,
892 828 1418 866 ó el mundo se ha de jundí
898 878 1298 915 ó la tiene que tragá;
897 928 1316 964 como el reló, puñalá,
900 976 1380 1012 se vá á tirá de las greña;
903 1025 1338 1061 como tengo yo é sejá,
902 1072 1355 1110 primero me tiro al má;
904 1121 1464 1159 salero, soy malagueña nativa
905 1170 1367 1207 del barrio é la Trenidá,
903 1217 1349 1256 con el cielo mas juncá
907 1266 1405 1306 que tiene España, salero;
903 1317 1381 1357 ¿habrá tierra, caballero,
902 1363 1473 1402 como esta? què ha de haber!
908 1412 1374 1451 Y las mosa? Madre mia,
903 1461 1437 1500 son lusero, sás, me jundo;
902 1506 1535 1548 cuando está ascura tóo el mundo
907 1560 1384 1596 en Málaga es medio dia;
916 1609 1304 1646 vaya una tierra barí,
918 1657 1353 1695 es lo mejó que se jiso;
908 1700 1481 1743 quien quiá está en el paraiso
912 1754 1338 1792 salero, que viva aquí.
1097 1802 1294 1839 Sale José.
864 1849 1369 1889 J. No tema, Antonia mia,
916 1897 1390 1939 que aquí tiene á tu José
919 1946 1427 1986 como un bronce pa queré
911 1997 1398 2036 y el que por tí dá la via;
914 2046 1352 2083 estrella del medio dia,
913 2094 1334 2133 perlita de mil colore,
923 2142 1379 2182 jardin sembrao de flore;
923 2187 1443 2233 jui que jembra, mare mia!
