1217 1760
164 204 248 236 Pues
263 202 327 246 qué
342 203 456 236 habéis
470 202 577 236 hecho
594 212 635 235 en
652 202 726 236 toda
743 207 877 238 vuestra
892 206 982 239 vida?

164 248 210 279 Yo
227 258 263 280 os
279 249 397 290 juro:::

165 283 185 324 A
206 297 355 325 vuestros
370 293 497 335 pies::::

164 337 200 369 Ni
217 347 282 370 aun
303 337 320 369 á
341 338 402 369 mis
419 342 522 379 palas.

165 382 234 421 Qué
250 382 440 415 enfecultad
463 392 497 414 es
514 382 614 414 hacer
635 381 692 414 dos
711 386 919 426 garrapatas?

162 426 209 458 Yo
225 427 408 467 aprenderé
424 428 454 459 al
470 427 626 458 instante.

165 470 242 502 Bien
259 472 289 503 !o
305 470 397 504 dora.

164 515 354 556 Aprended,
376 525 393 557 y
411 515 528 547 volved
546 514 665 547 dentro
686 525 752 548 una
766 515 859 550 hora.

162 559 207 591 Ya
231 568 303 600 voy.

165 604 247 635 Pero
264 602 443 644 aguardad.

494 159 513 191 6

160 648 225 688 Hay
246 651 316 680 otra
342 647 489 679 historia?

164 695 233 731 Que
253 701 307 724 rae
323 689 402 724 leáis
417 695 487 723 esta
507 690 726 733 requisitoria.

161 736 326 777 Tampoco
342 736 376 768 sé
392 737 472 768 leer.

162 781 208 821 Ay
223 782 266 812 tal
288 780 455 821 desgarro!

160 834 200 857 ve
205 824 237 857 ni
252 824 310 857 acá
331 834 392 857 con
416 833 485 856 mas
500 823 620 855 barbas
635 833 701 865 que
720 835 764 857 un
787 835 951 864 zamarro,

161 878 203 900 no
226 869 341 902 leeréis
357 873 426 901 esta
442 869 525 901 letra
547 869 554 910 (
571 878 636 910 que
652 879 688 900 os
703 869 850 902 desvela?
864 870 874 913 )

160 923 226 954 que
240 914 270 947 la
287 915 361 947 leen
383 915 430 946 los
451 913 545 946 niños
558 916 599 945 de
620 913 653 946 la
673 915 816 947 escuela!

159 958 184 990 Y
203 968 243 991 no
263 959 294 990 la
316 959 433 991 leereis
451 959 524 991 vos?

161 1003 191 1035 Si
208 1013 247 1043 yo
270 1003 414 1045 supiera,

160 1056 203 1079 no
218 1047 248 1079 le
262 1048 423 1080 mandara
438 1046 454 1079 á
476 1047 505 1079 el
528 1054 593 1088 que
612 1046 643 1078 la
663 1046 784 1087 leyera.

155 1092 185 1123 Si
207 1092 246 1123 de
266 1093 314 1124 los
335 1092 393 1124 dos
408 1101 451 1123 no
467 1091 546 1123 sabe
568 1091 637 1122 leer
653 1091 790 1131 alguno,

161 1135 227 1177 qué
249 1145 284 1167 os
304 1135 461 1169 admiráis
475 1144 540 1177 que
555 1143 651 1176 yo::::

162 1180 187 1211 Y
204 1190 238 1212 es
254 1181 332 1213 todo
353 1182 434 1213 uno?

158 1224 206 1255 No
227 1234 261 1256 es
288 1225 383 1257 harta
402 1222 583 1259 habilidad,
599 1231 664 1264 que
680 1222 727 1254 sin
749 1222 895 1260 malicia,

158 1276 250 1310 sepa,
272 1268 321 1300 sin
337 1268 527 1303 estudiallo,
547 1266 648 1299 hacer
658 1266 808 1307 justicia?

157 1313 204 1345 No
225 1322 279 1345 me
295 1313 378 1346 hace
398 1314 513 1346 fuerza
526 1310 613 1344 nada
622 1310 662 1343 de
683 1310 760 1344 todo
781 1320 849 1343 eso.

160 1357 324 1394 Alguacil?

26 1401 103 1432 Sale
113 1401 166 1433 Mu
169 1412 236 1442 (jar.
264 1401 334 1444 Qué
350 1400 516 1435 mandáis?

158 1446 309 1480 Llevadle
330 1455 438 1489 preso.

165 1492 190 1523 A
211 1492 311 1533 quien
333 1498 429 1533 preso
451 1490 492 1522 he
508 1488 548 1521 de
569 1487 686 1525 llevar,

159 1535 387 1568 Alcaldiritillo
407 1535 510 1568 bello?

160 1581 206 1620 Ay
228 1584 376 1617 señores,
396 1578 462 1622 qué
481 1579 523 1611 he
540 1576 681 1610 mirado!

159 1624 265 1664 Quien
281 1624 361 1656 sois?

159 1669 221 1709 Soy
243 1669 275 1701 el
297 1669 480 1704 embeleso,

158 1713 262 1744 soHa
279 1714 307 1744 al
312 1712 379 1744 cari
384 1722 401 1744 a
418 1713 449 1745 el
464 1710 611 1745 bullicio.
