<?xml version="1.0" encoding="UTF-8" standalone="yes"?>
<PcGts xmlns="http://schema.primaresearch.org/PAGE/gts/pagecontent/2013-07-15" xmlns:xsi="http://www.w3.org/2001/XMLSchema-instance" xsi:schemaLocation="http://schema.primaresearch.org/PAGE/gts/pagecontent/2013-07-15 http://schema.primaresearch.org/PAGE/gts/pagecontent/2013-07-15/pagecontent.xsd">
    <Metadata>
        <Creator>Transkribus</Creator>
        <Created>2020-10-15T10:25:16.812+02:00</Created>
        <LastChange>2020-10-15T10:29:54.916+02:00</LastChange>
        <Comments>
                Measurement unit: pixel
                PrimaryLanguage: English
                Language: SpanishTraditionalSort
                Producer: Transkribus
            </Comments>
        <TranskribusMetadata docId="516060" pageId="21887094" pageNr="1" tsid="45311702" status="GT" userId="66244" imgUrl="https://files.transkribus.eu/Get?id=JVPHWLOTDNLAVGJKGCNNDBRZ&amp;fileType=view" xmlUrl="https://files.transkribus.eu/Get?id=GAMLMZDCQAPVDVPQAEHZUWEW" imageId="16990669"/>
    </Metadata>
    <Page imageFilename="0001_Moreno_066_1.jpg" imageWidth="1737" imageHeight="2508">
        <PrintSpace>
            <Coords points="0,0 1737,0 1737,2508 0,2508"/>
        </PrintSpace>
        <ReadingOrder>
            <OrderedGroup id="ro_1646647720126" caption="Regions reading order">
                <RegionRefIndexed index="0" regionRef="r_1_1"/>
                <RegionRefIndexed index="1" regionRef="r_1_2"/>
                <RegionRefIndexed index="3" regionRef="r_3_1"/>
                <RegionRefIndexed index="4" regionRef="r_4_1"/>
                <RegionRefIndexed index="5" regionRef="r_4_2"/>
                <RegionRefIndexed index="6" regionRef="r_5_1"/>
                <RegionRefIndexed index="7" regionRef="r_5_2"/>
                <RegionRefIndexed index="8" regionRef="r_6_1"/>
                <RegionRefIndexed index="9" regionRef="r_6_2"/>
                <RegionRefIndexed index="10" regionRef="r_6_3"/>
                <RegionRefIndexed index="11" regionRef="r_6_4"/>
            </OrderedGroup>
        </ReadingOrder>
        <TextRegion type="paragraph" id="r_1_1" custom="readingOrder {index:0;}">
            <Coords points="1221,194 1465,194 1465,243 1221,243"/>
            <TextLine id="tl_1" primaryLanguage="English" custom="readingOrder {index:0;}">
                <Coords points="1222,195 1464,195 1464,242 1222,242"/>
                <Baseline points="1222,242 1378,231 1464,238"/>
                <Word id="w_w2aab1b1b2b1b1ab1" language="English" custom="readingOrder {index:0;}">
                    <Coords points="1222,196 1378,196 1378,242 1222,242"/>
                    <TextEquiv>
                        <Unicode>(Nñmero</Unicode>
                    </TextEquiv>
                    <TextStyle fontFamily="Times New Roman" fontSize="8.0" bold="true"/>
                </Word>
                <Word id="w_w2aab1b1b2b1b1ac17" language="English" custom="readingOrder {index:1;}">
                    <Coords points="1397,196 1464,196 1464,238 1397,238"/>
                    <TextEquiv>
                        <Unicode>78.)</Unicode>
                    </TextEquiv>
                    <TextStyle fontFamily="Times New Roman" fontSize="8.0" bold="true"/>
                </Word>
                <TextEquiv>
                    <Unicode>(Número 78.)</Unicode>
                </TextEquiv>
                <TextStyle fontFamily="Times New Roman" fontSize="8.0" bold="true"/>
            </TextLine>
            <TextEquiv>
                <Unicode>(Número 78.)</Unicode>
            </TextEquiv>
        </TextRegion>
        <TextRegion type="paragraph" id="r_1_2" custom="readingOrder {index:1;}">
            <Coords points="548,240 1185,240 1185,292 548,292"/>
            <TextLine id="tl_2" primaryLanguage="English" custom="readingOrder {index:0;}">
                <Coords points="549,241 1184,241 1184,291 549,291"/>
                <Baseline points="549,290 805,287 866,286 1184,281"/>
                <Word id="w_w2aab1b1b2b3b1ab1" language="English" custom="readingOrder {index:0;}">
                    <Coords points="549,247 805,247 805,291 549,291"/>
                    <TextEquiv>
                        <Unicode>GRISELDA</Unicode>
                    </TextEquiv>
                    <TextStyle fontFamily="Times New Roman" fontSize="11.0"/>
                </Word>
                <Word id="w_w2aab1b1b2b3b1ac19" language="English" custom="readingOrder {index:1;}">
                    <Coords points="833,247 866,247 866,286 833,286"/>
                    <TextEquiv>
                        <Unicode>Y</Unicode>
                    </TextEquiv>
                    <TextStyle fontFamily="Times New Roman" fontSize="11.0"/>
                </Word>
                <Word id="w_w2aab1b1b2b3b1ac23" language="English" custom="readingOrder {index:2;}">
                    <Coords points="896,241 1184,241 1184,287 896,287"/>
                    <TextEquiv>
                        <Unicode>GUALTERO.</Unicode>
                    </TextEquiv>
                    <TextStyle fontFamily="Times New Roman" fontSize="11.0"/>
                </Word>
                <TextEquiv>
                    <Unicode>GRISELDA Y GUALTERO.</Unicode>
                </TextEquiv>
                <TextStyle fontFamily="Times New Roman" fontSize="11.0"/>
            </TextLine>
            <TextEquiv>
                <Unicode>GRISELDA Y GUALTERO.</Unicode>
            </TextEquiv>
        </TextRegion>
        <GraphicRegion id="r_2" custom="readingOrder {index:2;}">
            <Coords points="198,290 1590,290 1590,1258 198,1258"/>
        </GraphicRegion>
        <TextRegion type="paragraph" id="r_3_1" custom="readingOrder {index:3;}">
            <Coords points="348,1288 1416,1288 1416,1392 348,1392"/>
            <TextLine id="tl_3" primaryLanguage="English" custom="readingOrder {index:0;}">
                <Coords points="349,1289 1415,1289 1415,1391 349,1391"/>
                <Baseline points="349,1383 749,1382 1415,1376"/>
                <Word id="w_w2aab1b5b2b1b1ab1" language="English" custom="readingOrder {index:0;}">
                    <Coords points="349,1295 749,1295 749,1385 349,1385"/>
                    <TextEquiv>
                        <Unicode>NUEVA</Unicode>
                    </TextEquiv>
                    <TextStyle fontFamily="Times New Roman" fontSize="22.0" bold="true"/>
                </Word>
                <Word id="w_w2aab1b5b2b1b1ac13" language="English" custom="readingOrder {index:1;}">
                    <Coords points="779,1290 1415,1290 1415,1384 779,1384"/>
                    <TextEquiv>
                        <Unicode>RELACION</Unicode>
                    </TextEquiv>
                    <TextStyle fontFamily="Times New Roman" fontSize="22.0" bold="true"/>
                </Word>
                <TextEquiv>
                    <Unicode>NUEVA RELACION</Unicode>
                </TextEquiv>
                <TextStyle fontFamily="Times New Roman" fontSize="22.0" bold="true"/>
            </TextLine>
            <TextEquiv>
                <Unicode>NUEVA RELACION</Unicode>
            </TextEquiv>
        </TextRegion>
        <TextRegion type="paragraph" id="r_4_1" custom="readingOrder {index:4;}">
            <Coords points="178,1427 1577,1427 1577,1572 178,1572"/>
            <TextLine id="tl_4" primaryLanguage="English" custom="readingOrder {index:0;}">
                <Coords points="179,1428 1576,1428 1576,1483 179,1483"/>
                <Baseline points="179,1471 218,1470 267,1470 463,1469 618,1470 675,1469 757,1469 880,1467 977,1472 1015,1477 1076,1467 1187,1465 1230,1465 1401,1464 1576,1461"/>
                <Word id="w_w2aab1b7b2b1b1ab1" language="English" custom="readingOrder {index:0;}">
                    <Coords points="179,1439 218,1439 218,1471 179,1471"/>
                    <TextEquiv>
                        <Unicode>de</Unicode>
                    </TextEquiv>
                    <TextStyle fontFamily="Times New Roman" fontSize="8.5" italic="true"/>
                </Word>
                <Word id="w_w2aab1b7b2b1b1ab7" language="English" custom="readingOrder {index:1;}">
                    <Coords points="234,1437 267,1437 267,1470 234,1470"/>
                    <TextEquiv>
                        <Unicode>la</Unicode>
                    </TextEquiv>
                    <TextStyle fontFamily="Times New Roman" fontSize="8.5" italic="true"/>
                </Word>
                <Word id="w_w2aab1b7b2b1b1ac13" language="English" custom="readingOrder {index:2;}">
                    <Coords points="286,1436 463,1436 463,1479 286,1479"/>
                    <TextEquiv>
                        <Unicode>peregrina</Unicode>
                    </TextEquiv>
                    <TextStyle fontFamily="Times New Roman" fontSize="8.5" italic="true"/>
                </Word>
                <Word id="w_w2aab1b7b2b1b1ac33" language="English" custom="readingOrder {index:3;}">
                    <Coords points="473,1436 618,1436 618,1470 473,1470"/>
                    <TextEquiv>
                        <Unicode>historia</Unicode>
                    </TextEquiv>
                    <TextStyle fontFamily="Times New Roman" fontSize="8.5" italic="true"/>
                </Word>
                <Word id="w_w2aab1b7b2b1b1ac51" language="English" custom="readingOrder {index:4;}">
                    <Coords points="634,1437 675,1437 675,1470 634,1470"/>
                    <TextEquiv>
                        <Unicode>de</Unicode>
                    </TextEquiv>
                    <TextStyle fontFamily="Times New Roman" fontSize="8.5" italic="true"/>
                </Word>
                <Word id="w_w2aab1b7b2b1b1ac57" language="English" custom="readingOrder {index:5;}">
                    <Coords points="686,1438 757,1438 757,1470 686,1470"/>
                    <TextEquiv>
                        <Unicode>esta</Unicode>
                    </TextEquiv>
                    <TextStyle fontFamily="Times New Roman" fontSize="8.5" italic="true"/>
                </Word>
                <Word id="w_w2aab1b7b2b1b1ac67" language="English" custom="readingOrder {index:6;}">
                    <Coords points="765,1438 880,1438 880,1478 765,1478"/>
                    <TextEquiv>
                        <Unicode>pastor</Unicode>
                    </TextEquiv>
                    <TextStyle fontFamily="Times New Roman" fontSize="8.5" italic="true"/>
                </Word>
                <Word id="w_w2aab1b7b2b1b1ac81" language="English" custom="readingOrder {index:7;}">
                    <Coords points="882,1434 977,1434 977,1472 882,1472"/>
                    <TextEquiv>
                        <Unicode>cilla,</Unicode>
                    </TextEquiv>
                    <TextStyle fontFamily="Times New Roman" fontSize="8.5" italic="true"/>
                </Word>
                <Word id="w_w2aab1b7b2b1b1ac95" language="English" custom="readingOrder {index:8;}">
                    <Coords points="995,1446 1015,1446 1015,1477 995,1477"/>
                    <TextEquiv>
                        <Unicode>y</Unicode>
                    </TextEquiv>
                    <TextStyle fontFamily="Times New Roman" fontSize="8.5" italic="true"/>
                </Word>
                <Word id="w_w2aab1b7b2b1b1ac99" language="English" custom="readingOrder {index:9;}">
                    <Coords points="1036,1435 1076,1435 1076,1467 1036,1467"/>
                    <TextEquiv>
                        <Unicode>de</Unicode>
                    </TextEquiv>
                    <TextStyle fontFamily="Times New Roman" fontSize="8.5" italic="true"/>
                </Word>
                <Word id="w_w2aab1b7b2b1b1ad105" language="English" custom="readingOrder {index:10;}">
                    <Coords points="1096,1443 1187,1443 1187,1466 1096,1466"/>
                    <TextEquiv>
                        <Unicode>como</Unicode>
                    </TextEquiv>
                    <TextStyle fontFamily="Times New Roman" fontSize="8.5" italic="true"/>
                </Word>
                <Word id="w_w2aab1b7b2b1b1ad115" language="English" custom="readingOrder {index:11;}">
                    <Coords points="1198,1433 1230,1433 1230,1465 1198,1465"/>
                    <TextEquiv>
                        <Unicode>el</Unicode>
                    </TextEquiv>
                    <TextStyle fontFamily="Times New Roman" fontSize="8.5" italic="true"/>
                </Word>
                <Word id="w_w2aab1b7b2b1b1ad121" language="English" custom="readingOrder {index:12;}">
                    <Coords points="1247,1431 1401,1431 1401,1473 1247,1473"/>
                    <TextEquiv>
                        <Unicode>marqués</Unicode>
                    </TextEquiv>
                    <TextStyle fontFamily="Times New Roman" fontSize="8.5" italic="true"/>
                </Word>
                <Word id="w_w2aab1b7b2b1b1ad137" language="English" custom="readingOrder {index:13;}">
                    <Coords points="1419,1430 1576,1430 1576,1463 1419,1463"/>
                    <TextEquiv>
                        <Unicode>Guallero</Unicode>
                    </TextEquiv>
                    <TextStyle fontFamily="Times New Roman" fontSize="8.5" italic="true"/>
                </Word>
                <TextEquiv>
                    <Unicode>de la peregrina historia de esta pastorcilla, y de como el marqués Gualtero</Unicode>
                </TextEquiv>
                <TextStyle fontFamily="Times New Roman" fontSize="8.5" italic="true"/>
            </TextLine>
            <TextLine id="tl_5" primaryLanguage="English" custom="readingOrder {index:1;}">
                <Coords points="224,1473 1532,1473 1532,1526 224,1526"/>
                <Baseline points="224,1513 312,1513 367,1514 590,1513 671,1513 785,1520 830,1522 930,1511 975,1510 1065,1512 1241,1508 1402,1508 1466,1506 1532,1507"/>
                <Word id="w_w2aab1b7b2b1b3ab1" language="English" custom="readingOrder {index:0;}">
                    <Coords points="224,1481 312,1481 312,1513 224,1513"/>
                    <TextEquiv>
                        <Unicode>trató</Unicode>
                    </TextEquiv>
                    <TextStyle fontFamily="Times New Roman" fontSize="8.5" italic="true"/>
                </Word>
                <Word id="w_w2aab1b7b2b1b3ac13" language="English" custom="readingOrder {index:1;}">
                    <Coords points="329,1491 367,1491 367,1514 329,1514"/>
                    <TextEquiv>
                        <Unicode>su</Unicode>
                    </TextEquiv>
                    <TextStyle fontFamily="Times New Roman" fontSize="8.5" italic="true"/>
                </Word>
                <Word id="w_w2aab1b7b2b1b3ac19" language="English" custom="readingOrder {index:2;}">
                    <Coords points="387,1481 590,1481 590,1514 387,1514"/>
                    <TextEquiv>
                        <Unicode>casamiento</Unicode>
                    </TextEquiv>
                    <TextStyle fontFamily="Times New Roman" fontSize="8.5" italic="true"/>
                </Word>
                <Word id="w_w2aab1b7b2b1b3ac41" language="English" custom="readingOrder {index:3;}">
                    <Coords points="610,1491 671,1491 671,1514 610,1514"/>
                    <TextEquiv>
                        <Unicode>cotí</Unicode>
                    </TextEquiv>
                    <TextStyle fontFamily="Times New Roman" fontSize="8.5" italic="true"/>
                </Word>
                <Word id="w_w2aab1b7b2b1b3ac51" language="English" custom="readingOrder {index:4;}">
                    <Coords points="703,1481 785,1481 785,1520 703,1520"/>
                    <TextEquiv>
                        <Unicode>ella,</Unicode>
                    </TextEquiv>
                    <TextStyle fontFamily="Times New Roman" fontSize="8.5" italic="true"/>
                </Word>
                <Word id="w_w2aab1b7b2b1b3ac63" language="English" custom="readingOrder {index:5;}">
                    <Coords points="811,1491 830,1491 830,1522 811,1522"/>
                    <TextEquiv>
                        <Unicode>y</Unicode>
                    </TextEquiv>
                    <TextStyle fontFamily="Times New Roman" fontSize="8.5" italic="true"/>
                </Word>
                <Word id="w_w2aab1b7b2b1b3ac67" language="English" custom="readingOrder {index:6;}">
                    <Coords points="844,1479 930,1479 930,1512 844,1512"/>
                    <TextEquiv>
                        <Unicode>salió</Unicode>
                    </TextEquiv>
                    <TextStyle fontFamily="Times New Roman" fontSize="8.5" italic="true"/>
                </Word>
                <Word id="w_w2aab1b7b2b1b3ac79" language="English" custom="readingOrder {index:7;}">
                    <Coords points="944,1479 975,1479 975,1511 944,1511"/>
                    <TextEquiv>
                        <Unicode>el</Unicode>
                    </TextEquiv>
                    <TextStyle fontFamily="Times New Roman" fontSize="8.5" italic="true"/>
                </Word>
                <Word id="w_w2aab1b7b2b1b3ac85" language="English" custom="readingOrder {index:8;}">
                    <Coords points="995,1488 1065,1488 1065,1512 995,1512"/>
                    <TextEquiv>
                        <Unicode>mas</Unicode>
                    </TextEquiv>
                    <TextStyle fontFamily="Times New Roman" fontSize="8.5" italic="true"/>
                </Word>
                <Word id="w_w2aab1b7b2b1b3ac93" language="English" custom="readingOrder {index:9;}">
                    <Coords points="1084,1478 1241,1478 1241,1520 1084,1520"/>
                    <TextEquiv>
                        <Unicode>singular</Unicode>
                    </TextEquiv>
                    <TextStyle fontFamily="Times New Roman" fontSize="8.5" italic="true"/>
                </Word>
                <Word id="w_w2aab1b7b2b1b3ad111" language="English" custom="readingOrder {index:10;}">
                    <Coords points="1254,1475 1402,1475 1402,1518 1254,1518"/>
                    <TextEquiv>
                        <Unicode>egemplo</Unicode>
                    </TextEquiv>
                    <TextStyle fontFamily="Times New Roman" fontSize="8.5" italic="true"/>
                </Word>
                <Word id="w_w2aab1b7b2b1b3ad127" language="English" custom="readingOrder {index:11;}">
                    <Coords points="1426,1475 1466,1475 1466,1507 1426,1507"/>
                    <TextEquiv>
                        <Unicode>de</Unicode>
                    </TextEquiv>
                    <TextStyle fontFamily="Times New Roman" fontSize="8.5" italic="true"/>
                </Word>
                <Word id="w_w2aab1b7b2b1b3ad133" language="English" custom="readingOrder {index:12;}">
                    <Coords points="1499,1474 1532,1474 1532,1507 1499,1507"/>
                    <TextEquiv>
                        <Unicode>la</Unicode>
                    </TextEquiv>
                    <TextStyle fontFamily="Times New Roman" fontSize="8.5" italic="true"/>
                </Word>
                <TextEquiv>
                    <Unicode>trató su casamiento con ella, y salió el mas singular egemplo de la</Unicode>
                </TextEquiv>
                <TextStyle fontFamily="Times New Roman" fontSize="8.5" italic="true"/>
            </TextLine>
            <TextLine id="tl_6" primaryLanguage="English" custom="readingOrder {index:2;}">
                <Coords points="247,1518 1507,1518 1507,1571 247,1571"/>
                <Baseline points="247,1558 439,1559 533,1558 663,1559 788,1557 856,1557 1032,1556 1194,1556 1238,1556 1320,1552 1507,1550"/>
                <Word id="w_w2aab1b7b2b1b5ab1" language="English" custom="readingOrder {index:0;}">
                    <Coords points="247,1526 439,1526 439,1559 247,1559"/>
                    <TextEquiv>
                        <Unicode>obediencia</Unicode>
                    </TextEquiv>
                    <TextStyle fontFamily="Times New Roman" fontSize="8.5" italic="true"/>
                </Word>
                <Word id="w_w2aab1b7b2b1b5ac23" language="English" custom="readingOrder {index:1;}">
                    <Coords points="470,1535 533,1535 533,1569 470,1569"/>
                    <TextEquiv>
                        <Unicode>que</Unicode>
                    </TextEquiv>
                    <TextStyle fontFamily="Times New Roman" fontSize="8.5" italic="true"/>
                </Word>
                <Word id="w_w2aab1b7b2b1b5ac31" language="English" custom="readingOrder {index:2;}">
                    <Coords points="559,1526 663,1526 663,1559 559,1559"/>
                    <TextEquiv>
                        <Unicode>deben</Unicode>
                    </TextEquiv>
                    <TextStyle fontFamily="Times New Roman" fontSize="8.5" italic="true"/>
                </Word>
                <Word id="w_w2aab1b7b2b1b5ac43" language="English" custom="readingOrder {index:3;}">
                    <Coords points="694,1528 788,1528 788,1558 694,1558"/>
                    <TextEquiv>
                        <Unicode>tener</Unicode>
                    </TextEquiv>
                    <TextStyle fontFamily="Times New Roman" fontSize="8.5" italic="true"/>
                </Word>
                <Word id="w_w2aab1b7b2b1b5ac55" language="English" custom="readingOrder {index:4;}">
                    <Coords points="809,1525 856,1525 856,1558 809,1558"/>
                    <TextEquiv>
                        <Unicode>las</Unicode>
                    </TextEquiv>
                    <TextStyle fontFamily="Times New Roman" fontSize="8.5" italic="true"/>
                </Word>
                <Word id="w_w2aab1b7b2b1b5ac63" language="English" custom="readingOrder {index:5;}">
                    <Coords points="882,1533 1032,1533 1032,1567 882,1567"/>
                    <TextEquiv>
                        <Unicode>muyeres</Unicode>
                    </TextEquiv>
                    <TextStyle fontFamily="Times New Roman" fontSize="8.5" italic="true"/>
                </Word>
                <Word id="w_w2aab1b7b2b1b5ac79" language="English" custom="readingOrder {index:6;}">
                    <Coords points="1052,1523 1194,1523 1194,1557 1052,1557"/>
                    <TextEquiv>
                        <Unicode>casadas</Unicode>
                    </TextEquiv>
                    <TextStyle fontFamily="Times New Roman" fontSize="8.5" italic="true"/>
                </Word>
                <Word id="w_w2aab1b7b2b1b5ac95" language="English" custom="readingOrder {index:7;}">
                    <Coords points="1217,1522 1238,1522 1238,1556 1217,1556"/>
                    <TextEquiv>
                        <Unicode>á</Unicode>
                    </TextEquiv>
                    <TextStyle fontFamily="Times New Roman" fontSize="8.5" italic="true"/>
                </Word>
                <Word id="w_w2aab1b7b2b1b5ac99" language="English" custom="readingOrder {index:8;}">
                    <Coords points="1264,1529 1320,1529 1320,1553 1264,1553"/>
                    <TextEquiv>
                        <Unicode>sus</Unicode>
                    </TextEquiv>
                    <TextStyle fontFamily="Times New Roman" fontSize="8.5" italic="true"/>
                </Word>
                <Word id="w_w2aab1b7b2b1b5ad107" language="English" custom="readingOrder {index:9;}">
                    <Coords points="1349,1519 1507,1519 1507,1554 1349,1554"/>
                    <TextEquiv>
                        <Unicode>maridos.</Unicode>
                    </TextEquiv>
                    <TextStyle fontFamily="Times New Roman" fontSize="8.5" italic="true"/>
                </Word>
                <TextEquiv>
                    <Unicode>obediencia que deben tener las mugeres casadas á sus maridos.</Unicode>
                </TextEquiv>
                <TextStyle fontFamily="Times New Roman" fontSize="8.5" italic="true"/>
            </TextLine>
            <TextEquiv>
                <Unicode>de la peregrina historia de esta pastorcilla, y de como el marqués Gualtero&#13;
trató su casamiento con ella, y salió el mas singular egemplo de la&#13;
obediencia que deben tener las mugeres casadas á sus maridos.</Unicode>
            </TextEquiv>
        </TextRegion>
        <TextRegion type="paragraph" id="r_4_2" custom="readingOrder {index:5;}">
            <Coords points="660,1610 1097,1610 1097,1656 660,1656"/>
            <TextLine id="tl_7" primaryLanguage="English" custom="readingOrder {index:0;}">
                <Coords points="661,1611 1096,1611 1096,1655 661,1655"/>
                <Baseline points="661,1652 893,1652 1096,1651"/>
                <Word id="w_w2aab1b7b2b3b1ab1" language="English" custom="readingOrder {index:0;}">
                    <Coords points="661,1613 893,1613 893,1655 661,1655"/>
                    <TextEquiv>
                        <Unicode>PRIMERA</Unicode>
                    </TextEquiv>
                    <TextStyle fontFamily="Times New Roman" fontSize="11.0"/>
                </Word>
                <Word id="w_w2aab1b7b2b3b1ac17" language="English" custom="readingOrder {index:1;}">
                    <Coords points="918,1612 1096,1612 1096,1652 918,1652"/>
                    <TextEquiv>
                        <Unicode>PARTE.</Unicode>
                    </TextEquiv>
                    <TextStyle fontFamily="Times New Roman" fontSize="11.0"/>
                </Word>
                <TextEquiv>
                    <Unicode>PRIMERA PARTE.</Unicode>
                </TextEquiv>
                <TextStyle fontFamily="Times New Roman" fontSize="11.0"/>
            </TextLine>
            <TextEquiv>
                <Unicode>PRIMERA PARTE.</Unicode>
            </TextEquiv>
        </TextRegion>
        <TextRegion type="paragraph" id="r_5_1" custom="readingOrder {index:6;}">
            <Coords points="184,1708 848,1708 848,2245 184,2245"/>
            <TextLine id="tl_8" primaryLanguage="English" custom="readingOrder {index:0;}">
                <Coords points="227,1709 668,1709 668,1749 227,1749"/>
                <Baseline points="227,1746 425,1746 485,1746 668,1746"/>
                <Word id="w_w2aab1b9b2b1b1ab1" language="English" custom="readingOrder {index:0;}">
                    <Coords points="227,1712 425,1712 425,1746 227,1746"/>
                    <TextEquiv>
                        <Unicode>Atiéndame</Unicode>
                    </TextEquiv>
                    <TextStyle fontFamily="Times New Roman" fontSize="8.0" bold="true"/>
                </Word>
                <Word id="w_w2aab1b9b2b1b1ac21" language="English" custom="readingOrder {index:1;}">
                    <Coords points="453,1713 485,1713 485,1746 453,1746"/>
                    <TextEquiv>
                        <Unicode>el</Unicode>
                    </TextEquiv>
                    <TextStyle fontFamily="Times New Roman" fontSize="8.0" bold="true"/>
                </Word>
                <Word id="w_w2aab1b9b2b1b1ac27" language="English" custom="readingOrder {index:2;}">
                    <Coords points="502,1713 668,1713 668,1747 502,1747"/>
                    <TextEquiv>
                        <Unicode>auditorio</Unicode>
                    </TextEquiv>
                    <TextStyle fontFamily="Times New Roman" fontSize="8.0" bold="true"/>
                </Word>
                <TextEquiv>
                    <Unicode>Atiéndame el auditorio</Unicode>
                </TextEquiv>
                <TextStyle fontFamily="Times New Roman" fontSize="8.0" bold="true"/>
            </TextLine>
            <TextLine id="tl_9" primaryLanguage="English" custom="readingOrder {index:1;}">
                <Coords points="185,1755 745,1755 745,1803 185,1803"/>
                <Baseline points="185,1792 348,1790 430,1790 566,1790 745,1791"/>
                <Word id="w_w2aab1b9b2b1b3ab1" language="English" custom="readingOrder {index:0;}">
                    <Coords points="185,1758 348,1758 348,1792 185,1792"/>
                    <TextEquiv>
                        <Unicode>mientras</Unicode>
                    </TextEquiv>
                    <TextStyle fontFamily="Times New Roman" fontSize="8.0" bold="true"/>
                </Word>
                <Word id="w_w2aab1b9b2b1b3ac19" language="English" custom="readingOrder {index:1;}">
                    <Coords points="365,1766 430,1766 430,1790 365,1790"/>
                    <TextEquiv>
                        <Unicode>con</Unicode>
                    </TextEquiv>
                    <TextStyle fontFamily="Times New Roman" fontSize="8.0" bold="true"/>
                </Word>
                <Word id="w_w2aab1b9b2b1b3ac27" language="English" custom="readingOrder {index:2;}">
                    <Coords points="449,1757 566,1757 566,1791 449,1791"/>
                    <TextEquiv>
                        <Unicode>dulces</Unicode>
                    </TextEquiv>
                    <TextStyle fontFamily="Times New Roman" fontSize="8.0" bold="true"/>
                </Word>
                <Word id="w_w2aab1b9b2b1b3ac41" language="English" custom="readingOrder {index:3;}">
                    <Coords points="590,1758 745,1758 745,1800 590,1800"/>
                    <TextEquiv>
                        <Unicode>palabras</Unicode>
                    </TextEquiv>
                    <TextStyle fontFamily="Times New Roman" fontSize="8.0" bold="true"/>
                </Word>
                <TextEquiv>
                    <Unicode>mientras con dulces palabras</Unicode>
                </TextEquiv>
                <TextStyle fontFamily="Times New Roman" fontSize="8.0" bold="true"/>
            </TextLine>
            <TextLine id="tl_10" primaryLanguage="English" custom="readingOrder {index:2;}">
                <Coords points="185,1805 606,1805 606,1845 185,1845"/>
                <Baseline points="185,1845 203,1845 297,1844 433,1833 606,1840"/>
                <Word id="w_w2aab1b9b2b1b5ab1" language="English" custom="readingOrder {index:0;}">
                    <Coords points="185,1812 203,1812 203,1845 185,1845"/>
                    <TextEquiv>
                        <Unicode>y</Unicode>
                    </TextEquiv>
                    <TextStyle fontFamily="Times New Roman" fontSize="8.0" bold="true"/>
                </Word>
                <Word id="w_w2aab1b9b2b1b5ab5" language="English" custom="readingOrder {index:1;}">
                    <Coords points="220,1812 297,1812 297,1844 220,1844"/>
                    <TextEquiv>
                        <Unicode>muy</Unicode>
                    </TextEquiv>
                    <TextStyle fontFamily="Times New Roman" fontSize="8.0" bold="true"/>
                </Word>
                <Word id="w_w2aab1b9b2b1b5ac13" language="English" custom="readingOrder {index:2;}">
                    <Coords points="314,1810 433,1810 433,1835 314,1835"/>
                    <TextEquiv>
                        <Unicode>suaves</Unicode>
                    </TextEquiv>
                    <TextStyle fontFamily="Times New Roman" fontSize="8.0" bold="true"/>
                </Word>
                <Word id="w_w2aab1b9b2b1b5ac27" language="English" custom="readingOrder {index:3;}">
                    <Coords points="454,1805 606,1805 606,1840 454,1840"/>
                    <TextEquiv>
                        <Unicode>acentos,</Unicode>
                    </TextEquiv>
                    <TextStyle fontFamily="Times New Roman" fontSize="8.0" bold="true"/>
                </Word>
                <TextEquiv>
                    <Unicode>y muy suaves acentos,</Unicode>
                </TextEquiv>
                <TextStyle fontFamily="Times New Roman" fontSize="8.0" bold="true"/>
            </TextLine>
            <TextLine id="tl_11" primaryLanguage="English" custom="readingOrder {index:3;}">
                <Coords points="186,1844 672,1844 672,1889 186,1889"/>
                <Baseline points="187,1880 324,1878 480,1879 541,1879 672,1878"/>
                <Word id="w_w2aab1b9b2b1b7ab1" language="English" custom="readingOrder {index:0;}">
                    <Coords points="187,1849 324,1849 324,1888 187,1888"/>
                    <TextEquiv>
                        <Unicode>aquesta</Unicode>
                    </TextEquiv>
                    <TextStyle fontFamily="Times New Roman" fontSize="8.0" bold="true"/>
                </Word>
                <Word id="w_w2aab1b9b2b1b7ac17" language="English" custom="readingOrder {index:1;}">
                    <Coords points="343,1846 480,1846 480,1879 343,1879"/>
                    <TextEquiv>
                        <Unicode>historia</Unicode>
                    </TextEquiv>
                    <TextStyle fontFamily="Times New Roman" fontSize="8.0" bold="true"/>
                </Word>
                <Word id="w_w2aab1b9b2b1b7ac35" language="English" custom="readingOrder {index:2;}">
                    <Coords points="506,1855 541,1855 541,1879 506,1879"/>
                    <TextEquiv>
                        <Unicode>se</Unicode>
                    </TextEquiv>
                    <TextStyle fontFamily="Times New Roman" fontSize="8.0" bold="true"/>
                </Word>
                <Word id="w_w2aab1b9b2b1b7ac41" language="English" custom="readingOrder {index:3;}">
                    <Coords points="561,1850 672,1850 672,1880 561,1880"/>
                    <TextEquiv>
                        <Unicode>canta.</Unicode>
                    </TextEquiv>
                    <TextStyle fontFamily="Times New Roman" fontSize="8.0" bold="true"/>
                </Word>
                <TextEquiv>
                    <Unicode>aquesta historia se canta.</Unicode>
                </TextEquiv>
                <TextStyle fontFamily="Times New Roman" fontSize="8.0" bold="true"/>
            </TextLine>
            <TextLine id="tl_12" primaryLanguage="English" custom="readingOrder {index:4;}">
                <Coords points="187,1887 649,1887 649,1927 187,1927"/>
                <Baseline points="187,1924 384,1922 493,1923 649,1924"/>
                <Word id="w_w2aab1b9b2b1b9ab1" language="English" custom="readingOrder {index:0;}">
                    <Coords points="187,1890 384,1890 384,1924 187,1924"/>
                    <TextEquiv>
                        <Unicode>Préstenme</Unicode>
                    </TextEquiv>
                    <TextStyle fontFamily="Times New Roman" fontSize="8.0" bold="true"/>
                </Word>
                <Word id="w_w2aab1b9b2b1b9ac21" language="English" custom="readingOrder {index:1;}">
                    <Coords points="400,1890 493,1890 493,1923 400,1923"/>
                    <TextEquiv>
                        <Unicode>todos</Unicode>
                    </TextEquiv>
                    <TextStyle fontFamily="Times New Roman" fontSize="8.0" bold="true"/>
                </Word>
                <Word id="w_w2aab1b9b2b1b9ac33" language="English" custom="readingOrder {index:2;}">
                    <Coords points="510,1890 649,1890 649,1924 510,1924"/>
                    <TextEquiv>
                        <Unicode>silencio</Unicode>
                    </TextEquiv>
                    <TextStyle fontFamily="Times New Roman" fontSize="8.0" bold="true"/>
                </Word>
                <TextEquiv>
                    <Unicode>Préstenme todos silencio</Unicode>
                </TextEquiv>
                <TextStyle fontFamily="Times New Roman" fontSize="8.0" bold="true"/>
            </TextLine>
            <TextLine id="tl_13" primaryLanguage="English" custom="readingOrder {index:5;}">
                <Coords points="188,1934 637,1934 637,1979 188,1979"/>
                <Baseline points="188,1969 251,1967 507,1967 637,1971"/>
                <Word id="w_w2aab1b9b2b1c11ab1" language="English" custom="readingOrder {index:0;}">
                    <Coords points="188,1944 251,1944 251,1969 188,1969"/>
                    <TextEquiv>
                        <Unicode>con</Unicode>
                    </TextEquiv>
                    <TextStyle fontFamily="Times New Roman" fontSize="8.0" bold="true"/>
                </Word>
                <Word id="w_w2aab1b9b2b1c11ab9" language="English" custom="readingOrder {index:1;}">
                    <Coords points="266,1935 507,1935 507,1968 266,1968"/>
                    <TextEquiv>
                        <Unicode>venevolencia</Unicode>
                    </TextEquiv>
                    <TextStyle fontFamily="Times New Roman" fontSize="8.0" bold="true"/>
                </Word>
                <Word id="w_w2aab1b9b2b1c11ac35" language="English" custom="readingOrder {index:2;}">
                    <Coords points="529,1939 637,1939 637,1976 529,1976"/>
                    <TextEquiv>
                        <Unicode>grata,</Unicode>
                    </TextEquiv>
                    <TextStyle fontFamily="Times New Roman" fontSize="8.0" bold="true"/>
                </Word>
                <TextEquiv>
                    <Unicode>con venevolencia grata,</Unicode>
                </TextEquiv>
                <TextStyle fontFamily="Times New Roman" fontSize="8.0" bold="true"/>
            </TextLine>
            <TextLine id="tl_14" primaryLanguage="English" custom="readingOrder {index:6;}">
                <Coords points="188,1977 641,1977 641,2023 188,2023"/>
                <Baseline points="188,2022 268,2012 390,2011 641,2012"/>
                <Word id="w_w2aab1b9b2b1c13ab1" language="English" custom="readingOrder {index:0;}">
                    <Coords points="188,1989 268,1989 268,2022 188,2022"/>
                    <TextEquiv>
                        <Unicode>para</Unicode>
                    </TextEquiv>
                    <TextStyle fontFamily="Times New Roman" fontSize="8.0" bold="true"/>
                </Word>
                <Word id="w_w2aab1b9b2b1c13ac11" language="English" custom="readingOrder {index:1;}">
                    <Coords points="287,1979 390,1979 390,2021 287,2021"/>
                    <TextEquiv>
                        <Unicode>poder</Unicode>
                    </TextEquiv>
                    <TextStyle fontFamily="Times New Roman" fontSize="8.0" bold="true"/>
                </Word>
                <Word id="w_w2aab1b9b2b1c13ac23" language="English" custom="readingOrder {index:2;}">
                    <Coords points="417,1979 641,1979 641,2021 417,2021"/>
                    <TextEquiv>
                        <Unicode>comprender</Unicode>
                    </TextEquiv>
                    <TextStyle fontFamily="Times New Roman" fontSize="8.0" bold="true"/>
                </Word>
                <TextEquiv>
                    <Unicode>para poder comprender</Unicode>
                </TextEquiv>
                <TextStyle fontFamily="Times New Roman" fontSize="8.0" bold="true"/>
            </TextLine>
            <TextLine id="tl_15" primaryLanguage="English" custom="readingOrder {index:7;}">
                <Coords points="189,2021 637,2021 637,2068 189,2068"/>
                <Baseline points="189,2057 222,2057 302,2056 363,2055 498,2057 637,2056"/>
                <Word id="w_w2aab1b9b2b1c15ab1" language="English" custom="readingOrder {index:0;}">
                    <Coords points="189,2025 222,2025 222,2057 189,2057"/>
                    <TextEquiv>
                        <Unicode>lo</Unicode>
                    </TextEquiv>
                    <TextStyle fontFamily="Times New Roman" fontSize="8.0" bold="true"/>
                </Word>
                <Word id="w_w2aab1b9b2b1c15ab7" language="English" custom="readingOrder {index:1;}">
                    <Coords points="238,2032 302,2032 302,2066 238,2066"/>
                    <TextEquiv>
                        <Unicode>que</Unicode>
                    </TextEquiv>
                    <TextStyle fontFamily="Times New Roman" fontSize="8.0" bold="true"/>
                </Word>
                <Word id="w_w2aab1b9b2b1c15ac15" language="English" custom="readingOrder {index:2;}">
                    <Coords points="318,2022 363,2022 363,2056 318,2056"/>
                    <TextEquiv>
                        <Unicode>mi</Unicode>
                    </TextEquiv>
                    <TextStyle fontFamily="Times New Roman" fontSize="8.0" bold="true"/>
                </Word>
                <Word id="w_w2aab1b9b2b1c15ac21" language="English" custom="readingOrder {index:3;}">
                    <Coords points="376,2023 498,2023 498,2066 376,2066"/>
                    <TextEquiv>
                        <Unicode>lengua</Unicode>
                    </TextEquiv>
                    <TextStyle fontFamily="Times New Roman" fontSize="8.0" bold="true"/>
                </Word>
                <Word id="w_w2aab1b9b2b1c15ac35" language="English" custom="readingOrder {index:4;}">
                    <Coords points="519,2024 637,2024 637,2056 519,2056"/>
                    <TextEquiv>
                        <Unicode>relata.</Unicode>
                    </TextEquiv>
                    <TextStyle fontFamily="Times New Roman" fontSize="8.0" bold="true"/>
                </Word>
                <TextEquiv>
                    <Unicode>lo que mi lengua relata.</Unicode>
                </TextEquiv>
                <TextStyle fontFamily="Times New Roman" fontSize="8.0" bold="true"/>
            </TextLine>
            <TextLine id="tl_16" primaryLanguage="English" custom="readingOrder {index:8;}">
                <Coords points="191,2065 728,2065 728,2112 191,2112"/>
                <Baseline points="191,2101 427,2106 531,2100 587,2100 728,2105"/>
                <Word id="w_w2aab1b9b2b1c17ab1" language="English" custom="readingOrder {index:0;}">
                    <Coords points="191,2068 427,2068 427,2106 191,2106"/>
                    <TextEquiv>
                        <Unicode>Atiéndanme;</Unicode>
                    </TextEquiv>
                    <TextStyle fontFamily="Times New Roman" fontSize="8.0" bold="true"/>
                </Word>
                <Word id="w_w2aab1b9b2b1c17ac25" language="English" custom="readingOrder {index:1;}">
                    <Coords points="451,2077 531,2077 531,2110 451,2110"/>
                    <TextEquiv>
                        <Unicode>pero</Unicode>
                    </TextEquiv>
                    <TextStyle fontFamily="Times New Roman" fontSize="8.0" bold="true"/>
                </Word>
                <Word id="w_w2aab1b9b2b1c17ac35" language="English" custom="readingOrder {index:2;}">
                    <Coords points="552,2077 587,2077 587,2101 552,2101"/>
                    <TextEquiv>
                        <Unicode>es</Unicode>
                    </TextEquiv>
                    <TextStyle fontFamily="Times New Roman" fontSize="8.0" bold="true"/>
                </Word>
                <Word id="w_w2aab1b9b2b1c17ac41" language="English" custom="readingOrder {index:3;}">
                    <Coords points="601,2068 728,2068 728,2105 601,2105"/>
                    <TextEquiv>
                        <Unicode>fuerza,</Unicode>
                    </TextEquiv>
                    <TextStyle fontFamily="Times New Roman" fontSize="8.0" bold="true"/>
                </Word>
                <TextEquiv>
                    <Unicode>Atiendanme; pero es fuerza,</Unicode>
                </TextEquiv>
                <TextStyle fontFamily="Times New Roman" fontSize="8.0" bold="true"/>
            </TextLine>
            <TextLine id="tl_17" primaryLanguage="English" custom="readingOrder {index:9;}">
                <Coords points="192,2109 847,2109 847,2159 192,2159"/>
                <Baseline points="192,2155 258,2145 315,2144 517,2144 614,2145 698,2145 751,2145 847,2144"/>
                <Word id="w_w2aab1b9b2b1c19ab1" language="English" custom="readingOrder {index:0;}">
                    <Coords points="192,2122 258,2122 258,2155 192,2155"/>
                    <TextEquiv>
                        <Unicode>que</Unicode>
                    </TextEquiv>
                    <TextStyle fontFamily="Times New Roman" fontSize="8.0" bold="true"/>
                </Word>
                <Word id="w_w2aab1b9b2b1c19ab9" language="English" custom="readingOrder {index:1;}">
                    <Coords points="273,2121 315,2121 315,2145 273,2145"/>
                    <TextEquiv>
                        <Unicode>en</Unicode>
                    </TextEquiv>
                    <TextStyle fontFamily="Times New Roman" fontSize="8.0" bold="true"/>
                </Word>
                <Word id="w_w2aab1b9b2b1c19ac15" language="English" custom="readingOrder {index:2;}">
                    <Coords points="341,2112 517,2112 517,2153 341,2153"/>
                    <TextEquiv>
                        <Unicode>cualquier</Unicode>
                    </TextEquiv>
                    <TextStyle fontFamily="Times New Roman" fontSize="8.0" bold="true"/>
                </Word>
                <Word id="w_w2aab1b9b2b1c19ac35" language="English" custom="readingOrder {index:3;}">
                    <Coords points="533,2112 614,2112 614,2145 533,2145"/>
                    <TextEquiv>
                        <Unicode>obra</Unicode>
                    </TextEquiv>
                    <TextStyle fontFamily="Times New Roman" fontSize="8.0" bold="true"/>
                </Word>
                <Word id="w_w2aab1b9b2b1c19ac45" language="English" custom="readingOrder {index:4;}">
                    <Coords points="631,2121 698,2121 698,2156 631,2156"/>
                    <TextEquiv>
                        <Unicode>que</Unicode>
                    </TextEquiv>
                    <TextStyle fontFamily="Times New Roman" fontSize="8.0" bold="true"/>
                </Word>
                <Word id="w_w2aab1b9b2b1c19ac53" language="English" custom="readingOrder {index:5;}">
                    <Coords points="714,2121 751,2121 751,2145 714,2145"/>
                    <TextEquiv>
                        <Unicode>se</Unicode>
                    </TextEquiv>
                    <TextStyle fontFamily="Times New Roman" fontSize="8.0" bold="true"/>
                </Word>
                <Word id="w_w2aab1b9b2b1c19ac59" language="English" custom="readingOrder {index:6;}">
                    <Coords points="762,2112 847,2112 847,2154 762,2154"/>
                    <TextEquiv>
                        <Unicode>haga</Unicode>
                    </TextEquiv>
                    <TextStyle fontFamily="Times New Roman" fontSize="8.0" bold="true"/>
                </Word>
                <TextEquiv>
                    <Unicode>que en cualquier obra que se haga</Unicode>
                </TextEquiv>
                <TextStyle fontFamily="Times New Roman" fontSize="8.0" bold="true"/>
            </TextLine>
            <TextLine id="tl_18" primaryLanguage="English" custom="readingOrder {index:10;}">
                <Coords points="192,2155 776,2155 776,2200 192,2200"/>
                <Baseline points="192,2189 207,2189 351,2189 415,2188 522,2188 776,2196"/>
                <Word id="w_w2aab1b9b2b1c21ab1" language="English" custom="readingOrder {index:0;}">
                    <Coords points="192,2165 228,2165 228,2189 192,2189"/>
                    <TextEquiv>
                        <Unicode>80</Unicode>
                    </TextEquiv>
                    <TextStyle fontFamily="Times New Roman" fontSize="6.0"/>
                </Word>
                <Word id="w_w2aab1b9b2b1c21b1b3" language="English" custom="readingOrder {index:1;}">
                    <Coords points="244,2165 351,2165 351,2198 244,2198"/>
                    <TextEquiv>
                        <Unicode>ponga</Unicode>
                    </TextEquiv>
                    <TextStyle fontFamily="Times New Roman" fontSize="8.0" bold="true"/>
                </Word>
                <Word id="w_w2aab1b9b2b1c21b1c15" language="English" custom="readingOrder {index:2;}">
                    <Coords points="369,2165 415,2165 415,2188 369,2188"/>
                    <TextEquiv>
                        <Unicode>un</Unicode>
                    </TextEquiv>
                    <TextStyle fontFamily="Times New Roman" fontSize="8.0" bold="true"/>
                </Word>
                <Word id="w_w2aab1b9b2b1c21b1c21" language="English" custom="readingOrder {index:3;}">
                    <Coords points="432,2157 522,2157 522,2190 432,2190"/>
                    <TextEquiv>
                        <Unicode>buen</Unicode>
                    </TextEquiv>
                    <TextStyle fontFamily="Times New Roman" fontSize="8.0" bold="true"/>
                </Word>
                <Word id="w_w2aab1b9b2b1c21b1c31" language="English" custom="readingOrder {index:4;}">
                    <Coords points="542,2157 776,2157 776,2196 542,2196"/>
                    <TextEquiv>
                        <Unicode>fundamento,</Unicode>
                    </TextEquiv>
                    <TextStyle fontFamily="Times New Roman" fontSize="8.0" bold="true"/>
                </Word>
                <TextEquiv>
                    <Unicode>se ponga un buen fundamento,</Unicode>
                </TextEquiv>
            </TextLine>
            <TextLine id="tl_19" primaryLanguage="English" custom="readingOrder {index:11;}">
                <Coords points="194,2199 643,2199 643,2244 194,2244"/>
                <Baseline points="194,2243 272,2233 353,2234 463,2234 643,2234"/>
                <Word id="w_w2aab1b9b2b1c23ab1" language="English" custom="readingOrder {index:0;}">
                    <Coords points="194,2209 272,2209 272,2243 194,2243"/>
                    <TextEquiv>
                        <Unicode>para</Unicode>
                    </TextEquiv>
                    <TextStyle fontFamily="Times New Roman" fontSize="8.0" bold="true"/>
                </Word>
                <Word id="w_w2aab1b9b2b1c23ac11" language="English" custom="readingOrder {index:1;}">
                    <Coords points="290,2209 353,2209 353,2243 290,2243"/>
                    <TextEquiv>
                        <Unicode>que</Unicode>
                    </TextEquiv>
                    <TextStyle fontFamily="Times New Roman" fontSize="8.0" bold="true"/>
                </Word>
                <Word id="w_w2aab1b9b2b1c23ac19" language="English" custom="readingOrder {index:2;}">
                    <Coords points="370,2200 463,2200 463,2242 370,2242"/>
                    <TextEquiv>
                        <Unicode>salga</Unicode>
                    </TextEquiv>
                    <TextStyle fontFamily="Times New Roman" fontSize="8.0" bold="true"/>
                </Word>
                <Word id="w_w2aab1b9b2b1c23ac31" language="English" custom="readingOrder {index:3;}">
                    <Coords points="475,2201 643,2201 643,2235 475,2235"/>
                    <TextEquiv>
                        <Unicode>acertada.</Unicode>
                    </TextEquiv>
                    <TextStyle fontFamily="Times New Roman" fontSize="8.0" bold="true"/>
                </Word>
                <TextEquiv>
                    <Unicode>para que salga acertada.</Unicode>
                </TextEquiv>
                <TextStyle fontFamily="Times New Roman" fontSize="8.0" bold="true"/>
            </TextLine>
            <TextEquiv>
                <Unicode>Atiéndame el auditorio&#13;
mientras con dulces palabras&#13;
y muy suaves acentos,&#13;
aquesta historia se canta.&#13;
Préstenme todos silencio&#13;
con venevolencia grata,&#13;
para poder comprender&#13;
lo que mi lengua relata.&#13;
Atiendanme; pero es fuerza,&#13;
que en cualquier obra que se haga&#13;
se ponga un buen fundamento,&#13;
para que salga acertada.</Unicode>
            </TextEquiv>
        </TextRegion>
        <TextRegion type="paragraph" id="r_5_2" custom="readingOrder {index:7;}">
            <Coords points="194,2241 804,2241 804,2430 194,2430"/>
            <TextLine id="tl_20" primaryLanguage="English" custom="readingOrder {index:0;}">
                <Coords points="195,2242 733,2242 733,2292 195,2292"/>
                <Baseline points="195,2278 222,2278 297,2277 347,2278 493,2278 733,2279"/>
                <Word id="w_w2aab1b9b2b3b1ab1" language="English" custom="readingOrder {index:0;}">
                    <Coords points="195,2245 222,2245 222,2278 195,2278"/>
                    <TextEquiv>
                        <Unicode>Y</Unicode>
                    </TextEquiv>
                    <TextStyle fontFamily="Times New Roman" fontSize="8.0" bold="true"/>
                </Word>
                <Word id="w_w2aab1b9b2b3b1ab5" language="English" custom="readingOrder {index:1;}">
                    <Coords points="251,2245 297,2245 297,2277 251,2277"/>
                    <TextEquiv>
                        <Unicode>asi</Unicode>
                    </TextEquiv>
                    <TextStyle fontFamily="Times New Roman" fontSize="8.0" bold="true"/>
                </Word>
                <Word id="w_w2aab1b9b2b3b1ac13" language="English" custom="readingOrder {index:2;}">
                    <Coords points="316,2245 347,2245 347,2278 316,2278"/>
                    <TextEquiv>
                        <Unicode>el</Unicode>
                    </TextEquiv>
                    <TextStyle fontFamily="Times New Roman" fontSize="8.0" bold="true"/>
                </Word>
                <Word id="w_w2aab1b9b2b3b1ac19" language="English" custom="readingOrder {index:3;}">
                    <Coords points="368,2245 493,2245 493,2278 368,2278"/>
                    <TextEquiv>
                        <Unicode>auxilio</Unicode>
                    </TextEquiv>
                    <TextStyle fontFamily="Times New Roman" fontSize="8.0" bold="true"/>
                </Word>
                <Word id="w_w2aab1b9b2b3b1ac35" language="English" custom="readingOrder {index:4;}">
                    <Coords points="512,2245 733,2245 733,2289 512,2289"/>
                    <TextEquiv>
                        <Unicode>imploremos</Unicode>
                    </TextEquiv>
                    <TextStyle fontFamily="Times New Roman" fontSize="8.0" bold="true"/>
                </Word>
                <TextEquiv>
                    <Unicode>Y asi el auxilio imploremos</Unicode>
                </TextEquiv>
                <TextStyle fontFamily="Times New Roman" fontSize="8.0" bold="true"/>
            </TextLine>
            <TextLine id="tl_21" primaryLanguage="English" custom="readingOrder {index:1;}">
                <Coords points="196,2286 625,2286 625,2332 196,2332"/>
                <Baseline points="196,2323 239,2322 286,2322 423,2322 625,2328"/>
                <Word id="w_w2aab1b9b2b3b3ab1" language="English" custom="readingOrder {index:0;}">
                    <Coords points="196,2289 239,2289 239,2323 196,2323"/>
                    <TextEquiv>
                        <Unicode>de</Unicode>
                    </TextEquiv>
                    <TextStyle fontFamily="Times New Roman" fontSize="8.0" bold="true"/>
                </Word>
                <Word id="w_w2aab1b9b2b3b3ab7" language="English" custom="readingOrder {index:1;}">
                    <Coords points="254,2290 286,2290 286,2322 254,2322"/>
                    <TextEquiv>
                        <Unicode>la</Unicode>
                    </TextEquiv>
                    <TextStyle fontFamily="Times New Roman" fontSize="8.0" bold="true"/>
                </Word>
                <Word id="w_w2aab1b9b2b3b3ac13" language="English" custom="readingOrder {index:2;}">
                    <Coords points="298,2288 423,2288 423,2330 298,2330"/>
                    <TextEquiv>
                        <Unicode>Virgen</Unicode>
                    </TextEquiv>
                    <TextStyle fontFamily="Times New Roman" fontSize="8.0" bold="true"/>
                </Word>
                <Word id="w_w2aab1b9b2b3b3ac27" language="English" custom="readingOrder {index:3;}">
                    <Coords points="444,2289 625,2289 625,2328 444,2328"/>
                    <TextEquiv>
                        <Unicode>soberana,</Unicode>
                    </TextEquiv>
                    <TextStyle fontFamily="Times New Roman" fontSize="8.0" bold="true"/>
                </Word>
                <TextEquiv>
                    <Unicode>de la Vírgen soberana,</Unicode>
                </TextEquiv>
                <TextStyle fontFamily="Times New Roman" fontSize="8.0" bold="true"/>
            </TextLine>
            <TextLine id="tl_22" primaryLanguage="English" custom="readingOrder {index:2;}">
                <Coords points="198,2332 765,2332 765,2377 198,2377"/>
                <Baseline points="198,2376 263,2367 345,2368 420,2366 592,2369 765,2373"/>
                <Word id="w_w2aab1b9b2b3b5ab1" language="English" custom="readingOrder {index:0;}">
                    <Coords points="198,2343 263,2343 263,2376 198,2376"/>
                    <TextEquiv>
                        <Unicode>que</Unicode>
                    </TextEquiv>
                    <TextStyle fontFamily="Times New Roman" fontSize="8.0" bold="true"/>
                </Word>
                <Word id="w_w2aab1b9b2b3b5ab9" language="English" custom="readingOrder {index:1;}">
                    <Coords points="283,2344 345,2344 345,2368 283,2368"/>
                    <TextEquiv>
                        <Unicode>con</Unicode>
                    </TextEquiv>
                    <TextStyle fontFamily="Times New Roman" fontSize="8.0" bold="true"/>
                </Word>
                <Word id="w_w2aab1b9b2b3b5ac17" language="English" custom="readingOrder {index:2;}">
                    <Coords points="363,2337 420,2337 420,2367 363,2367"/>
                    <TextEquiv>
                        <Unicode>tan</Unicode>
                    </TextEquiv>
                    <TextStyle fontFamily="Times New Roman" fontSize="8.0" bold="true"/>
                </Word>
                <Word id="w_w2aab1b9b2b3b5ac25" language="English" custom="readingOrder {index:3;}">
                    <Coords points="437,2333 592,2333 592,2369 437,2369"/>
                    <TextEquiv>
                        <Unicode>luciente</Unicode>
                    </TextEquiv>
                    <TextStyle fontFamily="Times New Roman" fontSize="8.0" bold="true"/>
                </Word>
                <Word id="w_w2aab1b9b2b3b5ac43" language="English" custom="readingOrder {index:4;}">
                    <Coords points="608,2335 765,2335 765,2373 608,2373"/>
                    <TextEquiv>
                        <Unicode>Estrella,</Unicode>
                    </TextEquiv>
                    <TextStyle fontFamily="Times New Roman" fontSize="8.0" bold="true"/>
                </Word>
                <TextEquiv>
                    <Unicode>que con tan luciente Estrella,</Unicode>
                </TextEquiv>
                <TextStyle fontFamily="Times New Roman" fontSize="8.0" bold="true"/>
            </TextLine>
            <TextLine id="tl_23" primaryLanguage="English" custom="readingOrder {index:3;}">
                <Coords points="198,2374 803,2374 803,2429 198,2429"/>
                <Baseline points="198,2412 244,2410 370,2416 530,2415 636,2426 803,2415"/>
                <Word id="w_w2aab1b9b2b3b7ab1" language="English" custom="readingOrder {index:0;}">
                    <Coords points="198,2378 244,2378 244,2412 198,2412"/>
                    <TextEquiv>
                        <Unicode>mi</Unicode>
                    </TextEquiv>
                    <TextStyle fontFamily="Times New Roman" fontSize="8.0" bold="true"/>
                </Word>
                <Word id="w_w2aab1b9b2b3b7ab7" language="English" custom="readingOrder {index:1;}">
                    <Coords points="262,2387 370,2387 370,2416 262,2416"/>
                    <TextEquiv>
                        <Unicode>musa,</Unicode>
                    </TextEquiv>
                    <TextStyle fontFamily="Times New Roman" fontSize="8.0" bold="true"/>
                </Word>
                <Word id="w_w2aab1b9b2b3b7ac19" language="English" custom="readingOrder {index:2;}">
                    <Coords points="395,2387 530,2387 530,2424 395,2424"/>
                    <TextEquiv>
                        <Unicode>aunque</Unicode>
                    </TextEquiv>
                    <TextStyle fontFamily="Times New Roman" fontSize="8.0" bold="true"/>
                </Word>
                <Word id="w_w2aab1b9b2b3b7ac33" language="English" custom="readingOrder {index:3;}">
                    <Coords points="557,2389 636,2389 636,2426 557,2426"/>
                    <TextEquiv>
                        <Unicode>muy</Unicode>
                    </TextEquiv>
                    <TextStyle fontFamily="Times New Roman" fontSize="8.0" bold="true"/>
                </Word>
                <Word id="w_w2aab1b9b2b3b7ac41" language="English" custom="readingOrder {index:4;}">
                    <Coords points="662,2380 803,2380 803,2415 662,2415"/>
                    <TextEquiv>
                        <Unicode>turbada</Unicode>
                    </TextEquiv>
                    <TextStyle fontFamily="Times New Roman" fontSize="8.0" bold="true"/>
                </Word>
                <TextEquiv>
                    <Unicode>mi musa, aunque muy turbada</Unicode>
                </TextEquiv>
                <TextStyle fontFamily="Times New Roman" fontSize="8.0" bold="true"/>
            </TextLine>
            <TextEquiv>
                <Unicode>Y asi el auxilio imploremos&#13;
de la Vírgen soberana,&#13;
que con tan luciente Estrella,&#13;
mi musa, aunque muy turbada</Unicode>
            </TextEquiv>
        </TextRegion>
        <TextRegion type="paragraph" id="r_6_1" custom="readingOrder {index:8;}">
            <Coords points="899,1708 1470,1708 1470,2066 899,2066"/>
            <TextLine id="tl_24" primaryLanguage="English" custom="readingOrder {index:0;}">
                <Coords points="904,1709 1336,1709 1336,1752 904,1752"/>
                <Baseline points="904,1746 1074,1745 1236,1750 1336,1742"/>
                <Word id="w_w2aab1c11b2b1b1ab1" language="English" custom="readingOrder {index:0;}">
                    <Coords points="904,1711 1074,1711 1074,1746 904,1746"/>
                    <TextEquiv>
                        <Unicode>cobrando</Unicode>
                    </TextEquiv>
                    <TextStyle fontFamily="Times New Roman" fontSize="8.0" bold="true"/>
                </Word>
                <Word id="w_w2aab1c11b2b1b1ac19" language="English" custom="readingOrder {index:1;}">
                    <Coords points="1096,1710 1236,1710 1236,1750 1096,1750"/>
                    <TextEquiv>
                        <Unicode>aliento,</Unicode>
                    </TextEquiv>
                    <TextStyle fontFamily="Times New Roman" fontSize="8.0" bold="true"/>
                </Word>
                <Word id="w_w2aab1c11b2b1b1ac37" language="English" custom="readingOrder {index:2;}">
                    <Coords points="1255,1709 1336,1709 1336,1744 1255,1744"/>
                    <TextEquiv>
                        <Unicode>dará</Unicode>
                    </TextEquiv>
                    <TextStyle fontFamily="Times New Roman" fontSize="8.0" bold="true"/>
                </Word>
                <TextEquiv>
                    <Unicode>cobrando aliento, dará</Unicode>
                </TextEquiv>
                <TextStyle fontFamily="Times New Roman" fontSize="8.0" bold="true"/>
            </TextLine>
            <TextLine id="tl_25" primaryLanguage="English" custom="readingOrder {index:1;}">
                <Coords points="903,1752 1443,1752 1443,1799 903,1799"/>
                <Baseline points="903,1798 1067,1789 1098,1789 1187,1788 1339,1785 1443,1783"/>
                <Word id="w_w2aab1c11b2b1b3ab1" language="English" custom="readingOrder {index:0;}">
                    <Coords points="903,1756 1067,1756 1067,1798 903,1798"/>
                    <TextEquiv>
                        <Unicode>principio</Unicode>
                    </TextEquiv>
                    <TextStyle fontFamily="Times New Roman" fontSize="8.0" bold="true"/>
                </Word>
                <Word id="w_w2aab1c11b2b1b3ac21" language="English" custom="readingOrder {index:1;}">
                    <Coords points="1081,1754 1098,1754 1098,1789 1081,1789"/>
                    <TextEquiv>
                        <Unicode>á</Unicode>
                    </TextEquiv>
                    <TextStyle fontFamily="Times New Roman" fontSize="8.0" bold="true"/>
                </Word>
                <Word id="w_w2aab1c11b2b1b3ac25" language="English" custom="readingOrder {index:2;}">
                    <Coords points="1115,1759 1187,1759 1187,1789 1115,1789"/>
                    <TextEquiv>
                        <Unicode>esta</Unicode>
                    </TextEquiv>
                    <TextStyle fontFamily="Times New Roman" fontSize="8.0" bold="true"/>
                </Word>
                <Word id="w_w2aab1c11b2b1b3ac35" language="English" custom="readingOrder {index:3;}">
                    <Coords points="1200,1753 1339,1753 1339,1788 1200,1788"/>
                    <TextEquiv>
                        <Unicode>historia</Unicode>
                    </TextEquiv>
                    <TextStyle fontFamily="Times New Roman" fontSize="8.0" bold="true"/>
                </Word>
                <Word id="w_w2aab1c11b2b1b3ac53" language="English" custom="readingOrder {index:4;}">
                    <Coords points="1355,1760 1443,1760 1443,1786 1355,1786"/>
                    <TextEquiv>
                        <Unicode>rara.</Unicode>
                    </TextEquiv>
                    <TextStyle fontFamily="Times New Roman" fontSize="8.0" bold="true"/>
                </Word>
                <TextEquiv>
                    <Unicode>principio á esta historia rara.</Unicode>
                </TextEquiv>
                <TextStyle fontFamily="Times New Roman" fontSize="8.0" bold="true"/>
            </TextLine>
            <TextLine id="tl_26" primaryLanguage="English" custom="readingOrder {index:2;}">
                <Coords points="901,1796 1407,1796 1407,1844 901,1844"/>
                <Baseline points="901,1834 996,1834 1053,1834 1189,1832 1287,1841 1407,1821"/>
                <Word id="w_w2aab1c11b2b1b5ab1" language="English" custom="readingOrder {index:0;}">
                    <Coords points="901,1800 996,1800 996,1834 901,1834"/>
                    <TextEquiv>
                        <Unicode>Hubo</Unicode>
                    </TextEquiv>
                    <TextStyle fontFamily="Times New Roman" fontSize="8.0" bold="true"/>
                </Word>
                <Word id="w_w2aab1c11b2b1b5ac11" language="English" custom="readingOrder {index:1;}">
                    <Coords points="1013,1801 1053,1801 1053,1834 1013,1834"/>
                    <TextEquiv>
                        <Unicode>de</Unicode>
                    </TextEquiv>
                    <TextStyle fontFamily="Times New Roman" fontSize="8.0" bold="true"/>
                </Word>
                <Word id="w_w2aab1c11b2b1b5ac17" language="English" custom="readingOrder {index:2;}">
                    <Coords points="1066,1809 1189,1809 1189,1842 1066,1842"/>
                    <TextEquiv>
                        <Unicode>sangre</Unicode>
                    </TextEquiv>
                    <TextStyle fontFamily="Times New Roman" fontSize="8.0" bold="true"/>
                </Word>
                <Word id="w_w2aab1c11b2b1b5ac31" language="English" custom="readingOrder {index:3;}">
                    <Coords points="1209,1808 1287,1808 1287,1841 1209,1841"/>
                    <TextEquiv>
                        <Unicode>muy</Unicode>
                    </TextEquiv>
                    <TextStyle fontFamily="Times New Roman" fontSize="8.0" bold="true"/>
                </Word>
                <Word id="w_w2aab1c11b2b1b5ac39" language="English" custom="readingOrder {index:4;}">
                    <Coords points="1302,1797 1407,1797 1407,1830 1302,1830"/>
                    <TextEquiv>
                        <Unicode>noble-</Unicode>
                    </TextEquiv>
                    <TextStyle fontFamily="Times New Roman" fontSize="8.0" bold="true"/>
                </Word>
                <TextEquiv>
                    <Unicode>Hubo de sangre muy noble-</Unicode>
                </TextEquiv>
                <TextStyle fontFamily="Times New Roman" fontSize="8.0" bold="true"/>
            </TextLine>
            <TextLine id="tl_27" primaryLanguage="English" custom="readingOrder {index:3;}">
                <Coords points="900,1839 1469,1839 1469,1888 900,1888"/>
                <Baseline points="901,1879 948,1878 1050,1878 1228,1877 1290,1876 1340,1875 1469,1876"/>
                <Word id="w_w2aab1c11b2b1b7ab1" language="English" custom="readingOrder {index:0;}">
                    <Coords points="901,1855 948,1855 948,1879 901,1879"/>
                    <TextEquiv>
                        <Unicode>un</Unicode>
                    </TextEquiv>
                    <TextStyle fontFamily="Times New Roman" fontSize="8.0" bold="true"/>
                </Word>
                <Word id="w_w2aab1c11b2b1b7ab7" language="English" custom="readingOrder {index:1;}">
                    <Coords points="968,1854 1050,1854 1050,1887 968,1887"/>
                    <TextEquiv>
                        <Unicode>gran</Unicode>
                    </TextEquiv>
                    <TextStyle fontFamily="Times New Roman" fontSize="8.0" bold="true"/>
                </Word>
                <Word id="w_w2aab1c11b2b1b7ac17" language="English" custom="readingOrder {index:2;}">
                    <Coords points="1071,1844 1228,1844 1228,1886 1071,1886"/>
                    <TextEquiv>
                        <Unicode>marqués</Unicode>
                    </TextEquiv>
                    <TextStyle fontFamily="Times New Roman" fontSize="8.0" bold="true"/>
                </Word>
                <Word id="w_w2aab1c11b2b1b7ac33" language="English" custom="readingOrder {index:3;}">
                    <Coords points="1248,1853 1290,1853 1290,1876 1248,1876"/>
                    <TextEquiv>
                        <Unicode>en</Unicode>
                    </TextEquiv>
                    <TextStyle fontFamily="Times New Roman" fontSize="8.0" bold="true"/>
                </Word>
                <Word id="w_w2aab1c11b2b1b7ac39" language="English" custom="readingOrder {index:4;}">
                    <Coords points="1309,1843 1340,1843 1340,1875 1309,1875"/>
                    <TextEquiv>
                        <Unicode>la</Unicode>
                    </TextEquiv>
                    <TextStyle fontFamily="Times New Roman" fontSize="8.0" bold="true"/>
                </Word>
                <Word id="w_w2aab1c11b2b1b7ac45" language="English" custom="readingOrder {index:5;}">
                    <Coords points="1359,1839 1469,1839 1469,1876 1359,1876"/>
                    <TextEquiv>
                        <Unicode>Italia,</Unicode>
                    </TextEquiv>
                    <TextStyle fontFamily="Times New Roman" fontSize="8.0" bold="true"/>
                </Word>
                <TextEquiv>
                    <Unicode>un gran marqués en la Italia,</Unicode>
                </TextEquiv>
                <TextStyle fontFamily="Times New Roman" fontSize="8.0" bold="true"/>
            </TextLine>
            <TextLine id="tl_28" primaryLanguage="English" custom="readingOrder {index:4;}">
                <Coords points="908,1886 1399,1886 1399,1932 908,1932"/>
                <Baseline points="908,1923 1018,1923 1080,1922 1236,1921 1399,1923"/>
                <Word id="w_w2aab1c11b2b1b9ab1" language="English" custom="readingOrder {index:0;}">
                    <Coords points="908,1890 1018,1890 1018,1923 908,1923"/>
                    <TextEquiv>
                        <Unicode>dueño</Unicode>
                    </TextEquiv>
                    <TextStyle fontFamily="Times New Roman" fontSize="8.0" bold="true"/>
                </Word>
                <Word id="w_w2aab1c11b2b1b9ac13" language="English" custom="readingOrder {index:1;}">
                    <Coords points="1040,1890 1080,1890 1080,1922 1040,1922"/>
                    <TextEquiv>
                        <Unicode>de</Unicode>
                    </TextEquiv>
                    <TextStyle fontFamily="Times New Roman" fontSize="8.0" bold="true"/>
                </Word>
                <Word id="w_w2aab1c11b2b1b9ac19" language="English" custom="readingOrder {index:2;}">
                    <Coords points="1094,1889 1236,1889 1236,1921 1094,1921"/>
                    <TextEquiv>
                        <Unicode>muchos</Unicode>
                    </TextEquiv>
                    <TextStyle fontFamily="Times New Roman" fontSize="8.0" bold="true"/>
                </Word>
                <Word id="w_w2aab1c11b2b1b9ac33" language="English" custom="readingOrder {index:3;}">
                    <Coords points="1252,1888 1399,1888 1399,1929 1252,1929"/>
                    <TextEquiv>
                        <Unicode>lugares,</Unicode>
                    </TextEquiv>
                    <TextStyle fontFamily="Times New Roman" fontSize="8.0" bold="true"/>
                </Word>
                <TextEquiv>
                    <Unicode>dueño de muchos lugares,</Unicode>
                </TextEquiv>
                <TextStyle fontFamily="Times New Roman" fontSize="8.0" bold="true"/>
            </TextLine>
            <TextLine id="tl_29" primaryLanguage="English" custom="readingOrder {index:5;}">
                <Coords points="909,1929 1403,1929 1403,1976 909,1976"/>
                <Baseline points="909,1976 974,1966 1162,1966 1220,1966 1403,1967"/>
                <Word id="w_w2aab1c11b2b1c11ab1" language="English" custom="readingOrder {index:0;}">
                    <Coords points="909,1942 974,1942 974,1976 909,1976"/>
                    <TextEquiv>
                        <Unicode>que</Unicode>
                    </TextEquiv>
                    <TextStyle fontFamily="Times New Roman" fontSize="8.0" bold="true"/>
                </Word>
                <Word id="w_w2aab1c11b2b1c11ab9" language="English" custom="readingOrder {index:1;}">
                    <Coords points="1003,1934 1162,1934 1162,1967 1003,1967"/>
                    <TextEquiv>
                        <Unicode>Gualtero</Unicode>
                    </TextEquiv>
                    <TextStyle fontFamily="Times New Roman" fontSize="8.0" bold="true"/>
                </Word>
                <Word id="w_w2aab1c11b2b1c11ac27" language="English" custom="readingOrder {index:2;}">
                    <Coords points="1184,1942 1220,1942 1220,1966 1184,1966"/>
                    <TextEquiv>
                        <Unicode>se</Unicode>
                    </TextEquiv>
                    <TextStyle fontFamily="Times New Roman" fontSize="8.0" bold="true"/>
                </Word>
                <Word id="w_w2aab1c11b2b1c11ac33" language="English" custom="readingOrder {index:3;}">
                    <Coords points="1243,1930 1403,1930 1403,1967 1243,1967"/>
                    <TextEquiv>
                        <Unicode>llamaba,</Unicode>
                    </TextEquiv>
                    <TextStyle fontFamily="Times New Roman" fontSize="8.0" bold="true"/>
                </Word>
                <TextEquiv>
                    <Unicode>que Gualtero se llamaba,</Unicode>
                </TextEquiv>
                <TextStyle fontFamily="Times New Roman" fontSize="8.0" bold="true"/>
            </TextLine>
            <TextLine id="tl_30" primaryLanguage="English" custom="readingOrder {index:6;}">
                <Coords points="908,1976 1358,1976 1358,2020 908,2020"/>
                <Baseline points="908,2012 951,2012 1010,2011 1114,2010 1213,2018 1358,2013"/>
                <Word id="w_w2aab1c11b2b1c13ab1" language="English" custom="readingOrder {index:0;}">
                    <Coords points="908,1988 951,1988 951,2012 908,2012"/>
                    <TextEquiv>
                        <Unicode>en</Unicode>
                    </TextEquiv>
                    <TextStyle fontFamily="Times New Roman" fontSize="8.0" bold="true"/>
                </Word>
                <Word id="w_w2aab1c11b2b1c13ab7" language="English" custom="readingOrder {index:1;}">
                    <Coords points="970,1987 1010,1987 1010,2011 970,2011"/>
                    <TextEquiv>
                        <Unicode>su</Unicode>
                    </TextEquiv>
                    <TextStyle fontFamily="Times New Roman" fontSize="8.0" bold="true"/>
                </Word>
                <Word id="w_w2aab1c11b2b1c13ac13" language="English" custom="readingOrder {index:2;}">
                    <Coords points="1025,1981 1114,1981 1114,2011 1025,2011"/>
                    <TextEquiv>
                        <Unicode>trato</Unicode>
                    </TextEquiv>
                    <TextStyle fontFamily="Times New Roman" fontSize="8.0" bold="true"/>
                </Word>
                <Word id="w_w2aab1c11b2b1c13ac25" language="English" custom="readingOrder {index:3;}">
                    <Coords points="1135,1986 1213,1986 1213,2018 1135,2018"/>
                    <TextEquiv>
                        <Unicode>muy</Unicode>
                    </TextEquiv>
                    <TextStyle fontFamily="Times New Roman" fontSize="8.0" bold="true"/>
                </Word>
                <Word id="w_w2aab1c11b2b1c13ac33" language="English" custom="readingOrder {index:4;}">
                    <Coords points="1236,1976 1358,1976 1358,2013 1236,2013"/>
                    <TextEquiv>
                        <Unicode>afable,</Unicode>
                    </TextEquiv>
                    <TextStyle fontFamily="Times New Roman" fontSize="8.0" bold="true"/>
                </Word>
                <TextEquiv>
                    <Unicode>en su trato muy afable,</Unicode>
                </TextEquiv>
                <TextStyle fontFamily="Times New Roman" fontSize="8.0" bold="true"/>
            </TextLine>
            <TextLine id="tl_31" primaryLanguage="English" custom="readingOrder {index:7;}">
                <Coords points="910,2019 1405,2019 1405,2065 910,2065"/>
                <Baseline points="910,2064 928,2064 993,2056 1188,2054 1285,2062 1405,2050"/>
                <Word id="w_w2aab1c11b2b1c15ab1" language="English" custom="readingOrder {index:0;}">
                    <Coords points="910,2033 928,2033 928,2064 910,2064"/>
                    <TextEquiv>
                        <Unicode>y</Unicode>
                    </TextEquiv>
                    <TextStyle fontFamily="Times New Roman" fontSize="8.0" bold="true"/>
                </Word>
                <Word id="w_w2aab1c11b2b1c15ab5" language="English" custom="readingOrder {index:1;}">
                    <Coords points="954,2022 993,2022 993,2056 954,2056"/>
                    <TextEquiv>
                        <Unicode>de</Unicode>
                    </TextEquiv>
                    <TextStyle fontFamily="Times New Roman" fontSize="8.0" bold="true"/>
                </Word>
                <Word id="w_w2aab1c11b2b1c15ac11" language="English" custom="readingOrder {index:2;}">
                    <Coords points="1008,2021 1188,2021 1188,2056 1008,2056"/>
                    <TextEquiv>
                        <Unicode>condición</Unicode>
                    </TextEquiv>
                    <TextStyle fontFamily="Times New Roman" fontSize="8.0" bold="true"/>
                </Word>
                <Word id="w_w2aab1c11b2b1c15ac31" language="English" custom="readingOrder {index:3;}">
                    <Coords points="1206,2031 1285,2031 1285,2062 1206,2062"/>
                    <TextEquiv>
                        <Unicode>muy</Unicode>
                    </TextEquiv>
                    <TextStyle fontFamily="Times New Roman" fontSize="8.0" bold="true"/>
                </Word>
                <Word id="w_w2aab1c11b2b1c15ac39" language="English" custom="readingOrder {index:4;}">
                    <Coords points="1302,2020 1405,2020 1405,2053 1302,2053"/>
                    <TextEquiv>
                        <Unicode>llana.</Unicode>
                    </TextEquiv>
                    <TextStyle fontFamily="Times New Roman" fontSize="8.0" bold="true"/>
                </Word>
                <TextEquiv>
                    <Unicode>y de condicion muy llana.</Unicode>
                </TextEquiv>
                <TextStyle fontFamily="Times New Roman" fontSize="8.0" bold="true"/>
            </TextLine>
            <TextEquiv>
                <Unicode>cobrando aliento, dará&#13;
principio á esta historia rara.&#13;
Hubo de sangre muy noble-&#13;
un gran marqués en la Italia,&#13;
dueño de muchos lugares,&#13;
que Gualtero se llamaba,&#13;
en su trato muy afable,&#13;
y de condicion muy llana.</Unicode>
            </TextEquiv>
        </TextRegion>
        <TextRegion type="paragraph" id="r_6_2" custom="readingOrder {index:9;}">
            <Coords points="910,2062 1407,2062 1407,2245 910,2245"/>
            <TextLine id="tl_32" primaryLanguage="English" custom="readingOrder {index:0;}">
                <Coords points="911,2063 1406,2063 1406,2110 911,2110"/>
                <Baseline points="911,2100 972,2099 1016,2100 1081,2099 1256,2097 1406,2097"/>
                <Word id="w_w2aab1c11b2b3b1ab1" language="English" custom="readingOrder {index:0;}">
                    <Coords points="911,2068 972,2068 972,2100 911,2100"/>
                    <TextEquiv>
                        <Unicode>Era</Unicode>
                    </TextEquiv>
                    <TextStyle fontFamily="Times New Roman" fontSize="8.0" bold="true"/>
                </Word>
                <Word id="w_w2aab1c11b2b3b1ab9" language="English" custom="readingOrder {index:1;}">
                    <Coords points="987,2067 1016,2067 1016,2100 987,2100"/>
                    <TextEquiv>
                        <Unicode>el</Unicode>
                    </TextEquiv>
                    <TextStyle fontFamily="Times New Roman" fontSize="8.0" bold="true"/>
                </Word>
                <Word id="w_w2aab1c11b2b3b1ac15" language="English" custom="readingOrder {index:2;}">
                    <Coords points="1036,2067 1081,2067 1081,2100 1036,2100"/>
                    <TextEquiv>
                        <Unicode>tal</Unicode>
                    </TextEquiv>
                    <TextStyle fontFamily="Times New Roman" fontSize="8.0" bold="true"/>
                </Word>
                <Word id="w_w2aab1c11b2b3b1ac23" language="English" custom="readingOrder {index:3;}">
                    <Coords points="1099,2065 1256,2065 1256,2108 1099,2108"/>
                    <TextEquiv>
                        <Unicode>marqués</Unicode>
                    </TextEquiv>
                    <TextStyle fontFamily="Times New Roman" fontSize="8.0" bold="true"/>
                </Word>
                <Word id="w_w2aab1c11b2b3b1ac39" language="English" custom="readingOrder {index:4;}">
                    <Coords points="1281,2064 1406,2064 1406,2098 1281,2098"/>
                    <TextEquiv>
                        <Unicode>soltero</Unicode>
                    </TextEquiv>
                    <TextStyle fontFamily="Times New Roman" fontSize="8.0" bold="true"/>
                </Word>
                <TextEquiv>
                    <Unicode>Era el tal marqués soltero</Unicode>
                </TextEquiv>
                <TextStyle fontFamily="Times New Roman" fontSize="8.0" bold="true"/>
            </TextLine>
            <TextLine id="tl_33" primaryLanguage="English" custom="readingOrder {index:1;}">
                <Coords points="912,2109 1326,2109 1326,2153 912,2153"/>
                <Baseline points="912,2153 930,2153 1136,2143 1168,2143 1216,2142 1326,2148"/>
                <Word id="w_w2aab1c11b2b3b3ab1" language="English" custom="readingOrder {index:0;}">
                    <Coords points="912,2122 930,2122 930,2153 912,2153"/>
                    <TextEquiv>
                        <Unicode>y</Unicode>
                    </TextEquiv>
                    <TextStyle fontFamily="Times New Roman" fontSize="8.0" bold="true"/>
                </Word>
                <Word id="w_w2aab1c11b2b3b3ab5" language="English" custom="readingOrder {index:1;}">
                    <Coords points="948,2111 1136,2111 1136,2144 948,2144"/>
                    <TextEquiv>
                        <Unicode>aficionado</Unicode>
                    </TextEquiv>
                    <TextStyle fontFamily="Times New Roman" fontSize="8.0" bold="true"/>
                </Word>
                <Word id="w_w2aab1c11b2b3b3ac27" language="English" custom="readingOrder {index:2;}">
                    <Coords points="1150,2111 1168,2111 1168,2143 1150,2143"/>
                    <TextEquiv>
                        <Unicode>á</Unicode>
                    </TextEquiv>
                    <TextStyle fontFamily="Times New Roman" fontSize="8.0" bold="true"/>
                </Word>
                <Word id="w_w2aab1c11b2b3b3ac31" language="English" custom="readingOrder {index:3;}">
                    <Coords points="1185,2112 1216,2112 1216,2142 1185,2142"/>
                    <TextEquiv>
                        <Unicode>la</Unicode>
                    </TextEquiv>
                    <TextStyle fontFamily="Times New Roman" fontSize="8.0" bold="true"/>
                </Word>
                <Word id="w_w2aab1c11b2b3b3ac37" language="English" custom="readingOrder {index:4;}">
                    <Coords points="1233,2119 1326,2119 1326,2148 1233,2148"/>
                    <TextEquiv>
                        <Unicode>caza,</Unicode>
                    </TextEquiv>
                    <TextStyle fontFamily="Times New Roman" fontSize="8.0" bold="true"/>
                </Word>
                <TextEquiv>
                    <Unicode>y aficionado á la caza,</Unicode>
                </TextEquiv>
                <TextStyle fontFamily="Times New Roman" fontSize="8.0" bold="true"/>
            </TextLine>
            <TextLine id="tl_34" primaryLanguage="English" custom="readingOrder {index:2;}">
                <Coords points="914,2151 1386,2151 1386,2199 914,2199"/>
                <Baseline points="914,2189 954,2189 1015,2188 1146,2194 1230,2188 1306,2187 1386,2184"/>
                <Word id="w_w2aab1c11b2b3b5ab1" language="English" custom="readingOrder {index:0;}">
                    <Coords points="914,2155 954,2155 954,2189 914,2189"/>
                    <TextEquiv>
                        <Unicode>de</Unicode>
                    </TextEquiv>
                    <TextStyle fontFamily="Times New Roman" fontSize="8.0" bold="true"/>
                </Word>
                <Word id="w_w2aab1c11b2b3b5ab7" language="English" custom="readingOrder {index:1;}">
                    <Coords points="968,2156 1015,2156 1015,2188 968,2188"/>
                    <TextEquiv>
                        <Unicode>tal</Unicode>
                    </TextEquiv>
                    <TextStyle fontFamily="Times New Roman" fontSize="8.0" bold="true"/>
                </Word>
                <Word id="w_w2aab1c11b2b3b5ac15" language="English" custom="readingOrder {index:2;}">
                    <Coords points="1034,2155 1146,2155 1146,2194 1034,2194"/>
                    <TextEquiv>
                        <Unicode>modo,</Unicode>
                    </TextEquiv>
                    <TextStyle fontFamily="Times New Roman" fontSize="8.0" bold="true"/>
                </Word>
                <Word id="w_w2aab1c11b2b3b5ac27" language="English" custom="readingOrder {index:3;}">
                    <Coords points="1164,2164 1230,2164 1230,2197 1164,2197"/>
                    <TextEquiv>
                        <Unicode>que</Unicode>
                    </TextEquiv>
                    <TextStyle fontFamily="Times New Roman" fontSize="8.0" bold="true"/>
                </Word>
                <Word id="w_w2aab1c11b2b3b5ac35" language="English" custom="readingOrder {index:4;}">
                    <Coords points="1247,2163 1306,2163 1306,2196 1247,2196"/>
                    <TextEquiv>
                        <Unicode>por</Unicode>
                    </TextEquiv>
                    <TextStyle fontFamily="Times New Roman" fontSize="8.0" bold="true"/>
                </Word>
                <Word id="w_w2aab1c11b2b3b5ac43" language="English" custom="readingOrder {index:5;}">
                    <Coords points="1320,2151 1386,2151 1386,2187 1320,2187"/>
                    <TextEquiv>
                        <Unicode>ella</Unicode>
                    </TextEquiv>
                    <TextStyle fontFamily="Times New Roman" fontSize="8.0" bold="true"/>
                </Word>
                <TextEquiv>
                    <Unicode>de tal modo, que por ella</Unicode>
                </TextEquiv>
                <TextStyle fontFamily="Times New Roman" fontSize="8.0" bold="true"/>
            </TextLine>
            <TextLine id="tl_35" primaryLanguage="English" custom="readingOrder {index:3;}">
                <Coords points="916,2198 1334,2198 1334,2244 916,2244"/>
                <Baseline points="916,2233 993,2233 1179,2232 1334,2229"/>
                <Word id="w_w2aab1c11b2b3b7ab1" language="English" custom="readingOrder {index:0;}">
                    <Coords points="916,2200 993,2200 993,2233 916,2233"/>
                    <TextEquiv>
                        <Unicode>toda</Unicode>
                    </TextEquiv>
                    <TextStyle fontFamily="Times New Roman" fontSize="8.0" bold="true"/>
                </Word>
                <Word id="w_w2aab1c11b2b3b7ac11" language="English" custom="readingOrder {index:1;}">
                    <Coords points="1010,2199 1179,2199 1179,2233 1010,2233"/>
                    <TextEquiv>
                        <Unicode>diversión</Unicode>
                    </TextEquiv>
                    <TextStyle fontFamily="Times New Roman" fontSize="8.0" bold="true"/>
                </Word>
                <Word id="w_w2aab1c11b2b3b7ac31" language="English" custom="readingOrder {index:2;}">
                    <Coords points="1208,2198 1334,2198 1334,2241 1208,2241"/>
                    <TextEquiv>
                        <Unicode>dejaba.</Unicode>
                    </TextEquiv>
                    <TextStyle fontFamily="Times New Roman" fontSize="8.0" bold="true"/>
                </Word>
                <TextEquiv>
                    <Unicode>toda diversion dejaba.</Unicode>
                </TextEquiv>
                <TextStyle fontFamily="Times New Roman" fontSize="8.0" bold="true"/>
            </TextLine>
            <TextEquiv>
                <Unicode>Era el tal marqués soltero&#13;
y aficionado á la caza,&#13;
de tal modo, que por ella&#13;
toda diversion dejaba.</Unicode>
            </TextEquiv>
        </TextRegion>
        <TextRegion type="paragraph" id="r_6_3" custom="readingOrder {index:10;}">
            <Coords points="913,2241 1388,2241 1388,2369 913,2369"/>
            <TextLine id="tl_36" primaryLanguage="English" custom="readingOrder {index:0;}">
                <Coords points="914,2242 1340,2242 1340,2284 914,2284"/>
                <Baseline points="914,2278 961,2278 1055,2278 1120,2277 1340,2281"/>
                <Word id="w_w2aab1c11b2b5b1ab1" language="English" custom="readingOrder {index:0;}">
                    <Coords points="914,2245 961,2245 961,2278 914,2278"/>
                    <TextEquiv>
                        <Unicode>En</Unicode>
                    </TextEquiv>
                    <TextStyle fontFamily="Times New Roman" fontSize="8.0" bold="true"/>
                </Word>
                <Word id="w_w2aab1c11b2b5b1ab7" language="English" custom="readingOrder {index:1;}">
                    <Coords points="983,2248 1055,2248 1055,2278 983,2278"/>
                    <TextEquiv>
                        <Unicode>esto</Unicode>
                    </TextEquiv>
                    <TextStyle fontFamily="Times New Roman" fontSize="8.0" bold="true"/>
                </Word>
                <Word id="w_w2aab1c11b2b5b1ac17" language="English" custom="readingOrder {index:2;}">
                    <Coords points="1083,2253 1120,2253 1120,2277 1083,2277"/>
                    <TextEquiv>
                        <Unicode>se</Unicode>
                    </TextEquiv>
                    <TextStyle fontFamily="Times New Roman" fontSize="8.0" bold="true"/>
                </Word>
                <Word id="w_w2aab1c11b2b5b1ac23" language="English" custom="readingOrder {index:3;}">
                    <Coords points="1136,2243 1340,2243 1340,2281 1136,2281"/>
                    <TextEquiv>
                        <Unicode>enlretenia,</Unicode>
                    </TextEquiv>
                    <TextStyle fontFamily="Times New Roman" fontSize="8.0" bold="true"/>
                </Word>
                <TextEquiv>
                    <Unicode>En esto se entretenia,</Unicode>
                </TextEquiv>
                <TextStyle fontFamily="Times New Roman" fontSize="8.0" bold="true"/>
            </TextLine>
            <TextLine id="tl_37" primaryLanguage="English" custom="readingOrder {index:1;}">
                <Coords points="914,2286 1387,2286 1387,2332 914,2332"/>
                <Baseline points="915,2331 934,2331 1008,2322 1113,2321 1149,2321 1224,2322 1387,2323"/>
                <Word id="w_w2aab1c11b2b5b3ab1" language="English" custom="readingOrder {index:0;}">
                    <Coords points="915,2299 934,2299 934,2331 915,2331"/>
                    <TextEquiv>
                        <Unicode>y</Unicode>
                    </TextEquiv>
                    <TextStyle fontFamily="Times New Roman" fontSize="8.0" bold="true"/>
                </Word>
                <Word id="w_w2aab1c11b2b5b3ab5" language="English" custom="readingOrder {index:1;}">
                    <Coords points="948,2298 1008,2298 1008,2331 948,2331"/>
                    <TextEquiv>
                        <Unicode>por</Unicode>
                    </TextEquiv>
                    <TextStyle fontFamily="Times New Roman" fontSize="8.0" bold="true"/>
                </Word>
                <Word id="w_w2aab1c11b2b5b3ac13" language="English" custom="readingOrder {index:2;}">
                    <Coords points="1027,2288 1113,2288 1113,2322 1027,2322"/>
                    <TextEquiv>
                        <Unicode>vivir</Unicode>
                    </TextEquiv>
                    <TextStyle fontFamily="Times New Roman" fontSize="8.0" bold="true"/>
                </Word>
                <Word id="w_w2aab1c11b2b5b3ac25" language="English" custom="readingOrder {index:3;}">
                    <Coords points="1129,2287 1149,2287 1149,2321 1129,2321"/>
                    <TextEquiv>
                        <Unicode>á</Unicode>
                    </TextEquiv>
                    <TextStyle fontFamily="Times New Roman" fontSize="8.0" bold="true"/>
                </Word>
                <Word id="w_w2aab1c11b2b5b3ac29" language="English" custom="readingOrder {index:4;}">
                    <Coords points="1168,2298 1224,2298 1224,2322 1168,2322"/>
                    <TextEquiv>
                        <Unicode>sus</Unicode>
                    </TextEquiv>
                    <TextStyle fontFamily="Times New Roman" fontSize="8.0" bold="true"/>
                </Word>
                <Word id="w_w2aab1c11b2b5b3ac37" language="English" custom="readingOrder {index:5;}">
                    <Coords points="1249,2287 1387,2287 1387,2323 1249,2323"/>
                    <TextEquiv>
                        <Unicode>anchas,</Unicode>
                    </TextEquiv>
                    <TextStyle fontFamily="Times New Roman" fontSize="8.0" bold="true"/>
                </Word>
                <TextEquiv>
                    <Unicode>y por vivir á sus anchas,</Unicode>
                </TextEquiv>
                <TextStyle fontFamily="Times New Roman" fontSize="8.0" bold="true"/>
            </TextLine>
            <TextLine id="tl_38" primaryLanguage="English" custom="readingOrder {index:2;}">
                <Coords points="917,2330 1348,2330 1348,2368 917,2368"/>
                <Baseline points="917,2368 960,2368 1130,2366 1182,2366 1348,2364"/>
                <Word id="w_w2aab1c11b2b5b5ab1" language="English" custom="readingOrder {index:0;}">
                    <Coords points="917,2343 960,2343 960,2368 917,2368"/>
                    <TextEquiv>
                        <Unicode>no</Unicode>
                    </TextEquiv>
                    <TextStyle fontFamily="Times New Roman" fontSize="8.0" bold="true"/>
                </Word>
                <Word id="w_w2aab1c11b2b5b5ab7" language="English" custom="readingOrder {index:1;}">
                    <Coords points="981,2332 1130,2332 1130,2367 981,2367"/>
                    <TextEquiv>
                        <Unicode>deliberó</Unicode>
                    </TextEquiv>
                    <TextStyle fontFamily="Times New Roman" fontSize="8.0" bold="true"/>
                </Word>
                <Word id="w_w2aab1c11b2b5b5ac25" language="English" custom="readingOrder {index:2;}">
                    <Coords points="1150,2334 1182,2334 1182,2366 1150,2366"/>
                    <TextEquiv>
                        <Unicode>el</Unicode>
                    </TextEquiv>
                    <TextStyle fontFamily="Times New Roman" fontSize="8.0" bold="true"/>
                </Word>
                <Word id="w_w2aab1c11b2b5b5ac31" language="English" custom="readingOrder {index:3;}">
                    <Coords points="1202,2341 1348,2341 1348,2366 1202,2366"/>
                    <TextEquiv>
                        <Unicode>casarse.</Unicode>
                    </TextEquiv>
                    <TextStyle fontFamily="Times New Roman" fontSize="8.0" bold="true"/>
                </Word>
                <TextEquiv>
                    <Unicode>no deliberó el casarse.</Unicode>
                </TextEquiv>
                <TextStyle fontFamily="Times New Roman" fontSize="8.0" bold="true"/>
            </TextLine>
            <TextEquiv>
                <Unicode>En esto se entretenia,&#13;
y por vivir á sus anchas,&#13;
no deliberó el casarse.</Unicode>
            </TextEquiv>
        </TextRegion>
        <TextRegion type="paragraph" id="r_6_4" custom="readingOrder {index:11;}">
            <Coords points="916,2375 1365,2375 1365,2416 916,2416"/>
            <TextLine id="tl_39" primaryLanguage="English" custom="readingOrder {index:0;}">
                <Coords points="917,2376 1364,2376 1364,2415 917,2415"/>
                <Baseline points="917,2413 999,2412 1114,2411 1172,2413 1247,2412 1364,2410"/>
                <Word id="w_w2aab1c11b2b7b1ab1" language="English" custom="readingOrder {index:0;}">
                    <Coords points="917,2380 999,2380 999,2413 917,2413"/>
                    <TextEquiv>
                        <Unicode>Pero</Unicode>
                    </TextEquiv>
                    <TextStyle fontFamily="Times New Roman" fontSize="8.0" bold="true"/>
                </Word>
                <Word id="w_w2aab1c11b2b7b1ac11" language="English" custom="readingOrder {index:1;}">
                    <Coords points="1016,2387 1114,2387 1114,2413 1016,2413"/>
                    <TextEquiv>
                        <Unicode>como</Unicode>
                    </TextEquiv>
                    <TextStyle fontFamily="Times New Roman" fontSize="8.0" bold="true"/>
                </Word>
                <Word id="w_w2aab1c11b2b7b1ac21" language="English" custom="readingOrder {index:2;}">
                    <Coords points="1132,2377 1172,2377 1172,2413 1132,2413"/>
                    <TextEquiv>
                        <Unicode>de</Unicode>
                    </TextEquiv>
                    <TextStyle fontFamily="Times New Roman" fontSize="8.0" bold="true"/>
                </Word>
                <Word id="w_w2aab1c11b2b7b1ac27" language="English" custom="readingOrder {index:3;}">
                    <Coords points="1191,2381 1247,2381 1247,2412 1191,2412"/>
                    <TextEquiv>
                        <Unicode>tan</Unicode>
                    </TextEquiv>
                    <TextStyle fontFamily="Times New Roman" fontSize="8.0" bold="true"/>
                </Word>
                <Word id="w_w2aab1c11b2b7b1ac35" language="English" custom="readingOrder {index:4;}">
                    <Coords points="1275,2376 1364,2376 1364,2410 1275,2410"/>
                    <TextEquiv>
                        <Unicode>clara</Unicode>
                    </TextEquiv>
                    <TextStyle fontFamily="Times New Roman" fontSize="8.0" bold="true"/>
                </Word>
                <TextEquiv>
                    <Unicode>Pero como de tan clara</Unicode>
                </TextEquiv>
                <TextStyle fontFamily="Times New Roman" fontSize="8.0" bold="true"/>
            </TextLine>
            <TextEquiv>
                <Unicode>Pero como de tan clara</Unicode>
            </TextEquiv>
        </TextRegion>
    </Page>
</PcGts>
