1737 2508
192 215 644 274 Tres trages de militar
195 267 699 332 recibireis de buen grado,
192 313 714 378 bordados de seda y plata,
189 362 690 421 con oro muy estremado,
192 410 687 472 forrados de finas martas
192 459 766 521 muertas en monte Tartáreo.
192 505 742 570 Seis tapetes de oro y seda,
192 557 696 619 con un sedal de brocado
201 608 632 671 para arrear la galera
201 654 665 713 donde vais aposentado.
201 706 656 762 Una cama de Turquia,
198 755 669 814 pabellon á lo persiano,
198 791 781 856 cobertor con vuestras armas
198 846 720 908 todo en perlas recamado,
198 898 711 957 un arnés de fuerte acero,
201 947 617 1006 un jaez para caballo
204 998 769 1061 hecho á la turquesa usanza,
204 1041 751 1103 de piedras finas sembrado;
207 1090 739 1152 dos alfanges damasquinos
210 1139 821 1204 con vainas de oro esmaltados,
213 1184 775 1247 y en las correas pendientes
905 200 1406 259 está tu nombre bordado.
917 249 1421 308 En fin, prícipe don Juan,
914 294 1388 357 el presente ya contado
911 343 1430 405 no os lo doy por amistad,
923 386 1522 457 ni por nuedo que he tomado;
917 441 1449 500 dòile yo por mis sobrinos
917 493 1443 555 hijos de aquel desdichado
920 541 1302 597 el famoso Alí Bajá,
924 590 1382 646 el cual era mi cuñado,
930 636 1497 698 muy querido de mi hermana
924 685 1488 747 de mi córte el mas privado,
932 730 1437 799 que los trateis como son,
930 782 1369 841 y asi estoy certificado
932 825 1470 893 que comen á vuestra mesa
930 874 1534 942 y van siempre á vuestro lado.
924 928 1403 991 Alá os lo pague, señor,
933 971 1388 1036 principe muy afamado,
935 1020 1458 1088 y que os guarde de mi ira
942 1072 1397 1131 y de mi poder sobrado,
948 1123 1400 1186 que si Mahoma dormia,
933 1172 1418 1234 ahora estara desvelado.
594 1605 1250 1666 TERCERA PARTE.
333 1747 1518 1826 De la respuesta que dió don Juan de Austria al Gran Turco.
274 1923 686 1977 A tí Selim el Sultan,
230 1969 796 2028 el que gran señor se llama,
230 2017 643 2076 emperador sin tener
227 2065 689 2124 la ceremonia romana.
232 2118 666 2177 A ti rey de reyes, rey
232 2166 682 2227 por tiránica demanda.
234 2209 902 2273 Yo don Juan de Austraia, menor
237 2259 801 2316 de los de la casa de Austria,
953 1902 1442 1961 de emperadores y reyes
956 1950 1376 2012 de catolica prosapia;
953 1994 1566 2058 conforme á lo que tú escribes,
956 2042 1529 2106 voy respondiendo á tu carta.
965 2095 1426 2158 Tu presente he recibido
956 2143 1508 2204 de grandeza y mano franca
956 2195 1412 2257 por el baja Assam-bey,
958 2243 1378 2305 y privado de tu casa;
