1695 2473
245 126 403 165 llamado
438 125 509 163 don
538 125 630 164 Juan
671 125 715 163 de
744 125 850 170 Lara,

246 192 316 230 que
350 192 410 218 era
431 178 503 217 rico
524 191 568 217 en
608 184 782 224 estrenuo,'

246 232 374 271 casado
395 243 461 270 con
482 231 573 270 doña
594 231 674 270 Inés

247 285 292 324 de
312 284 364 324 los
385 284 472 337 Ríos
495 298 515 337 y
546 284 732 329 Acebedo,

245 345 374 377 señora
396 337 440 376 de
463 338 611 377 muchas
631 338 785 389 prendas

291 392 335 430 de
358 390 494 443 grande
515 391 813 431 entendimiento,

245 445 381 483 enian
402 450 498 483 estos
517 451 665 483 señores

246 511 315 536 una
336 497 422 549 hija,
448 500 465 536 á
488 497 596 548 quien
616 497 649 535 ol
671 497 760 536 cielo

245 551 278 589 la
296 551 377 589 dotó
400 551 445 589 de
464 550 512 589 tal
532 550 687 594 belleza,

245 616 315 655 que
335 617 395 642 era
417 617 460 642 su
485 616 566 642 cara
590 617 638 641 un
658 604 797 646 lucero,

244 670 322 695 mas
338 657 507 695 hermosa
528 669 599 707 que
620 657 653 695 el
674 657 728 695 sol
750 656 892 700 mismo;

245 723 315 761 que
340 723 384 748 en
406 723 450 748 su
471 716 587 748 rostro
608 710 867 749 amaneciendo

247 763 292 801 de
317 763 350 801 la
371 770 524 802 mañana
545 763 577 801 la
594 776 720 802 aurora

246 816 344 867 quila
365 816 418 854 las
438 816 539 855 luces
556 818 574 853 á
599 816 711 860 Febo;

245 872 265 908 á
281 875 357 908 esta
384 869 565 908 llamaban
585 869 758 913 Lucinda,

246 935 316 973 que
341 928 419 960 este
441 922 591 960 nombre
615 922 648 960 la
668 924 840 973 pusieron

244 988 382 1026 porque
403 987 506 1013 como
526 987 585 1016 era
610 981 668 1013 tan
689 976 786 1014 linda

245 1028 279 1066 la
300 1028 436 1066 viniese
458 1028 492 1065 el
508 1028 658 1065 nombre
679 1030 699 1066 á
716 1029 810 1079 pelo;

246 1094 336 1132 pues
357 1093 422 1131 por
442 1093 487 1119 su
506 1093 586 1119 rara
602 1080 815 1120 hermosura

246 1135 290 1171 de
314 1134 413 1172 todos
435 1147 495 1172 era
511 1133 708 1178 embeleso,

246 1188 280 1225 el
300 1187 449 1225 hechizo
469 1186 513 1228 de
534 1186 718 1231 Valencia;

245 1253 267 1291 y
288 1239 322 1278 el
342 1240 435 1278 alma
448 1239 493 1278 de
514 1238 596 1278 lodo
617 1239 651 1277 el
672 1240 785 1279 reino.

247 1293 300 1331 De
321 1299 396 1331 esta
417 1292 671 1332 hermosísima
692 1292 797 1332 dama

247 1358 288 1384 se
309 1348 479 1384 enamoró
513 1359 560 1384 un
582 1345 762 1385 caballero

245 1411 315 1449 que
332 1398 364 1436 la
390 1398 548 1436 odoraba
568 1397 734 1443 rendido,

244 1464 266 1503 y
287 1451 320 1489 la
344 1450 543 1490 idolatraba
565 1451 697 1494 tierno,

246 1507 265 1542 á
290 1504 401 1555 quien
425 1504 606 1542 llamaban
627 1504 699 1543 don
720 1503 845 1544 Cárlos

246 1556 290 1595 de
312 1556 495 1600 Córdoba,
517 1569 607 1608 cuyo
628 1557 776 1602 aliento,

246 1623 357 1661 cuyos
377 1610 546 1648 blasones
566 1624 587 1662 y
611 1609 720 1654 fama,

247 1663 396 1701 timbres
417 1666 436 1700 á
456 1675 498 1701 su
518 1663 612 1701 fama
646 1662 785 1703 dieron.

245 1716 334 1754 Para
357 1728 500 1754 casarse
525 1726 591 1754 con
614 1716 684 1754 ella

245 1768 432 1807 solicitaba
453 1769 507 1807 los
528 1768 666 1807 medios

246 1821 504 1861 convenientes
530 1834 614 1872 para
640 1821 802 1861 hablarla

246 1889 267 1926 y
298 1880 407 1913 tratar
426 1887 469 1913 su
489 1873 724 1914 casamiento.

246 1927 442 1967 Paseábala
464 1928 496 1965 la
516 1927 607 1966 calle

247 1994 313 2019 con
344 1980 500 2019 músicas
521 1994 541 2033 y
561 1980 725 2032 festejos,

239 2034 409 2086 .uspiros
429 2034 679 2078 enamorados,

288 2100 471 2127 amorosos
487 2087 686 2140 galanteos.

338 2148 424 2180 -ños
458 2143 560 2193 gastó
583 2139 627 2180 de
648 2153 803 2185 amores,

936 80 958 116 2

978 124 1032 161 sin
1053 136 1123 174 que
1144 126 1164 162 á
1184 136 1226 162 su
1247 136 1410 163 amoroso
1446 126 1568 178 fuego,

978 177 1114 228 llegase
1136 180 1154 215 á
1176 177 1393 228 emprender
1414 178 1561 218 dichoso

978 242 1023 267 en
1040 230 1072 267 la
1091 230 1232 269 ocasión
1259 243 1320 268 sus
1339 230 1539 271 incendios.

974 281 1052 322 Una
1073 283 1201 327 noche,
1229 296 1273 322 en
1294 283 1357 327 fin,
1380 284 1540 329 dichosa,

976 336 1115 375 cuando
1137 336 1169 374 el
1199 342 1372 375 nocturno
1393 338 1529 377 morféo

976 391 995 426 á
1016 389 1070 428 los
1091 390 1250 428 sentidos
1273 391 1455 440 susponde

975 441 1008 479 el
1030 442 1196 493 ejercicio
1217 455 1400 493 supremo,

973 495 1112 534 cuando
1132 495 1233 534 todos
1248 496 1300 534 los
1321 496 1491 536 moríales

972 548 1103 586 rinden
1123 549 1157 588 el
1179 549 1311 587 tributo
1332 548 1365 587 al
1385 557 1513 593 sueño,

971 615 995 654 y
1015 602 1154 640 cuando
1175 602 1209 640 el
1237 615 1303 641 ave
1323 614 1452 641 canora

971 655 1158 705 suspende
1179 655 1211 694 la
1228 668 1291 694 voz
1312 668 1332 706 y
1349 656 1381 693 el
1403 657 1524 699 vuelo,

968 720 989 759 y
1010 714 1114 746 entre
1135 708 1187 746 las
1208 708 1311 759 hojas
1333 708 1392 746 del
1413 709 1514 749 árbol

968 761 1078 799 busca
1101 760 1266 799 defensas
1286 761 1318 799 al
1338 761 1486 812 tiempo,

973 814 1062 852 salió
1082 813 1243 853 Lucinda
1264 817 1283 851 á
1304 826 1373 852 una
1388 816 1477 866 reja,

972 880 995 919 y
1015 867 1048 905 el
1068 867 1193 905 adonis
1213 866 1392 906 caballero

975 920 1033 958 allí
1055 921 1087 958 la
1107 920 1214 958 habló
1238 921 1282 958 de
1303 933 1365 958 sus
1395 932 1553 965 amores,

969 973 1005 1011 la
1023 973 1169 1012 declaró
1190 987 1252 1012 sus
1274 973 1446 1017 intentos,

974 1026 1006 1064 la
1023 1026 1080 1065 dió
1104 1026 1248 1077 palabra
1270 1026 1315 1065 de
1335 1038 1479 1078 esposo,

974 1079 1041 1118 ella
1067 1080 1101 1118 la
1122 1082 1248 1131 aceptó
1270 1092 1315 1118 en
1336 1080 1468 1124 efecto,

974 1145 995 1184 y
1024 1132 1059 1170 le
1081 1132 1168 1184 dijo;
1189 1139 1297 1171 señor
1319 1132 1406 1175 mió,

974 1186 1175 1224 estimando
1196 1198 1297 1224 como
1320 1185 1412 1224 debo

974 1241 1004 1276 el
1026 1239 1157 1277 mucho
1177 1251 1276 1277 amor
1292 1252 1360 1290 que
1382 1251 1441 1277 me
1462 1237 1594 1282 tienes,

973 1292 1128 1342 cumplir
1148 1292 1180 1330 la
1202 1290 1346 1343 palabra
1367 1291 1523 1336 ofrezco,

974 1345 1077 1383 usted
1097 1358 1153 1383 me
1178 1345 1259 1395 pida
1280 1348 1298 1383 á
1316 1345 1382 1383 mis
1402 1344 1548 1395 padres.

975 1397 1055 1435 Don
1077 1397 1200 1435 Cárlos
1221 1397 1293 1447 dijo
1314 1402 1495 1435 contento:

978 1449 1085 1500 luego
1110 1450 1142 1488 al
1176 1456 1300 1500 punto,
1324 1450 1377 1487 sol
1397 1449 1581 1493 hermoso,

979 1508 1081 1555 estoy
1100 1509 1228 1554 pronto
1249 1505 1268 1541 á
1288 1502 1523 1541 obedeceros.

976 1555 1130 1598 Pidióla,
1155 1569 1198 1594 en
1220 1556 1268 1593 fin
1289 1559 1308 1593 á
1329 1568 1390 1593 sus
1414 1555 1559 1606 padres,

975 1621 1062 1659 pero
1085 1609 1174 1647 ellos
1196 1621 1241 1646 no
1262 1621 1300 1646 se
1321 1608 1355 1646 la
1375 1608 1514 1649 dieron,

975 1674 1114 1713 porque
1137 1674 1197 1700 era
1218 1660 1288 1699 don
1310 1659 1433 1699 Cárlos
1453 1660 1583 1712 pobre,

973 1729 996 1767 y
1018 1727 1057 1754 es
1077 1721 1154 1753 este
1175 1714 1305 1752 borron
1322 1727 1406 1765 muy
1424 1713 1498 1757 feo,

974 1780 1113 1819 porque
1134 1780 1178 1806 no
1198 1767 1303 1805 valen
1322 1766 1491 1805 noblezas

975 1821 1053 1859 sino
1074 1821 1143 1872 hay
1180 1833 1248 1859 con
1268 1819 1356 1858 ellas
1377 1820 1514 1864 dinero;

974 1887 996 1924 y
1009 1886 1147 1925 porque
1163 1885 1208 1912 no
1227 1886 1267 1911 se
1287 1875 1410 1912 casára

972 1927 1006 1966 la
1027 1932 1149 1966 meten
1170 1940 1214 1965 en
1229 1939 1277 1964 un
1297 1932 1486 1965 convento.

973 1980 1054 2018 Don
1071 1980 1195 2019 Cárlos
1210 1979 1380 2019 sabiendo
1405 1979 1438 2018 el
1460 1992 1558 2024 caso,

973 2033 1148 2072 enfadado
1169 2033 1227 2071 del
1246 2044 1390 2076 suceso,

974 2086 1122 2137 dispone
1146 2086 1250 2124 robar
1272 2086 1303 2124 la
1324 2085 1426 2124 dama

973 2153 994 2192 y
1013 2139 1148 2179 sacarla
1169 2139 1226 2178 del
1248 2138 1482 2183 monasterio,
