1737 2508
1273 252 1393 301 (Núm.
1425 246 1526 291 142.)

713 1057 1158 1125 RELACION

412 1200 499 1251 DE
530 1195 619 1248 LA
646 1192 827 1250 VIDA.
858 1185 1093 1242 PASION
1120 1183 1171 1236 Y
1192 1178 1469 1235 MUERTE

290 1317 414 1408 DE
440 1306 780 1407 CRISTO
806 1299 1234 1398 NUESTRO
1272 1277 1596 1388 SEÑOR.

290 1524 320 1559 A
337 1522 369 1558 la
390 1530 496 1557 urora
516 1516 596 1563 bajó
618 1515 651 1551 el
672 1514 746 1555 Sol,

241 1572 302 1609 fué
324 1568 545 1615 disposición
567 1564 700 1602 divina,

242 1621 289 1657 de
316 1629 387 1664 que
407 1621 505 1653 tome
525 1623 632 1650 carne
652 1611 823 1651 humana,

245 1678 328 1714 para
350 1675 420 1713 que
440 1664 473 1701 al
488 1661 620 1699 mundo
642 1658 777 1695 redima

245 1726 313 1753 con
335 1725 377 1750 su
400 1713 525 1759 pasión
543 1721 562 1756 y
584 1719 626 1745 su
647 1711 801 1747 muerte,

246 1765 291 1801 do
312 1761 453 1808 aquella
473 1767 626 1796 caverna
646 1756 666 1792 ó
687 1756 779 1791 cima

247 1812 369 1849 donde
396 1808 603 1846 estábamos
629 1807 781 1849 sugetos

246 1870 317 1897 con
347 1868 416 1895 una
444 1854 648 1901 obligación
682 1852 754 1897 fija.

251 1908 320 1944 Por
352 1910 431 1943 este
464 1912 565 1939 sacro
595 1900 759 1936 misterio

250 1966 318 1992 nos
338 1963 463 1990 vemos
482 1952 605 1988 libres;
627 1948 696 1994 qué
713 1945 832 1984 dicha!

250 2001 396 2041 Gabriel
417 2000 507 2046 trajo
530 1999 559 2034 ta
582 1996 781 2041 embajada,

252 2052 349 2098 llegó
366 2062 386 2097 y
411 2048 499 2096 dijo:
521 2048 593 2082 Ave
614 2046 736 2084 Maria,

253 2101 349 2136 llena
370 2098 446 2135 sois
467 2096 548 2132 toda
576 2094 621 2129 de
650 2092 784 2139 gracia;

256 2147 484 2184 concebiréis
510 2147 588 2180 este
609 2141 667 2177 dia

257 2208 302 2233 en
324 2199 490 2231 vuestras
511 2201 618 2238 puras
642 2192 812 2226 entrañas

260 2246 293 2281 al
311 2245 402 2279 Niño
420 2243 516 2282 Dios,
539 2239 671 2285 Virgen
689 2237 762 2273 Fia.

260 2294 289 2328 Y
309 2293 401 2328 dado
421 2292 454 2327 el
488 2287 794 2325 consentimiento

267 2340 387 2386 quedó
404 2337 559 2386 preñada
576 2335 697 2372 María.

966 1505 1150 1551 Llegando
1178 1504 1234 1540 los
1261 1511 1378 1538 nueve
1398 1508 1554 1540 meses,,

968 1556 1012 1592 de
1032 1555 1185 1590 Nazaret
1206 1560 1244 1587 se
1266 1549 1383 1597 partía

971 1613 1054 1650 para
1070 1602 1193 1639 Belén:
1217 1610 1238 1646 y
1259 1601 1362 1635 entre
1385 1594 1582 1633 escarchas

973 1651 1077 1688 nació
1099 1651 1131 1686 el
1152 1652 1253 1685 autor
1280 1647 1324 1682 de
1351 1646 1385 1680 la
1406 1644 1503 1679 vida.

973 1700 1042 1737 Los
1064 1702 1228 1745 pastores
1260 1704 1301 1731 se
1323 1694 1531 1738 alegraron,

974 1748 1029 1784 los
1050 1748 1162 1784 cielos
1196 1755 1236 1780 se
1257 1741 1457 1787 regocijan,

975 1797 1029 1833 los
1059 1794 1285 1838 Querubines
1305 1790 1339 1826 le
1360 1791 1504 1828 cantan,

979 1856 997 1891 y
1023 1845 1077 1880 los
1096 1842 1247 1889 ángeles
1265 1838 1408 1877 decían;

980 1904 1018 1939 ya
1036 1903 1076 1928 es
1098 1890 1226 1928 nacido
1241 1888 1276 1924 el
1303 1887 1378 1931 Rey
1398 1884 1458 1920 del
1473 1883 1584 1924 cielo,

979 1941 1094 1987 gloria
1113 1941 1130 1975 á
1151 1938 1236 1974 Dios
1273 1946 1314 1972 se
1329 1934 1375 1970 dé
1387 1931 1585 1978 cumplida.

979 1990 1032 2026 En
1054 2000 1097 2025 su
1123 1983 1370 2023 Circuncisión
1391 1991 1510 2021 sacra,

982 2048 1053 2084 que
1069 2037 1129 2073 fué
1149 2036 1182 2071 al
1201 2035 1290 2070 cábo
1304 2032 1350 2067 de
1368 2030 1462 2066 ocho
1493 2028 1588 2068 dias,

985 2097 1053 2122 nos
1073 2086 1132 2121 dió
1152 2085 1171 2119 á
1193 2081 1373 2118 entender
1393 2089 1438 2115 en
1460 2077 1494 2113 el
1512 2074 1660 2123 templo,

986 2136 1004 2170 á
1025 2134 1059 2170 lo
1075 2143 1144 2180 que
1164 2132 1198 2168 al
1218 2129 1352 2167 mundo
1371 2125 1492 2166 venía,

986 2194 1057 2229 que
1077 2192 1138 2219 era
1161 2181 1179 2216 á
1200 2180 1384 2215 derramar
1404 2185 1446 2209 su
1466 2182 1614 2219 sangre,

989 2242 1054 2277 por
1074 2234 1257 2267 restaurar
1272 2227 1307 2263 lo
1326 2235 1395 2271 que
1416 2222 1522 2258 había

991 2279 1142 2326 perdido
1165 2287 1225 2324 por
1253 2276 1285 2311 el
1313 2271 1450 2319 pécado

994 2330 1038 2366 de
1057 2328 1170 2363 Adán:
1194 2323 1338 2362 notable
1360 2318 1546 2357 desdicha!
