1737 2508
1205 183 1494 226 (Número. 138.)
256 267 1511 332 DON JACINTO DEL CASTILLO Y DONA LEONOR DE LA ROSA.
525 1314 1338 1365 NUEVO ROMANCE,
222 1405 1624 1476 en que se manifiestan los sucesos de don Jocinto del Castillo y doña Leonor
235 1448 1627 1519 de la Rosa, naturales de la ciudad de la Coruña. Refierese los amores de
240 1492 1617 1563 estos y la violencia que hizo su padre para que se casase con otro, al cual
276 1538 1583 1606 mataron como igualmente á su padre y suegro, y se salieron de su tierra,
760 1688 1107 1729 PRIMERA PARTE.
280 1818 701 1857 Sagrada virgen María,
244 1860 759 1904 antorcha del Cielo Empíreo,
250 1906 651 1948 hija del eterno Padre,
243 1947 725 1992 madre del Supremo Hijo,
250 1992 659 2035 dame tu divina gracia
256 2034 693 2078 pues deberas te lo pido:
250 2078 749 2122 dá luz á mi entendimiento,
260 2122 705 2165 y á mi torpe pluma brio,
253 2164 761 2211 para que á escribir acierte
257 2209 675 2253 el caso mas peregrino
264 2256 713 2296 que celebran los anales,
268 2297 805 2340 ni en las historias se ha oido.
262 2341 775 2387 Sucedió en la gran Coruña,
970 1796 1377 1838 el mejor puerto lucido
966 1837 1557 1882 que tiene el mar en su márgen.
967 1883 1405 1925 de mil alabanzas digno.
975 1929 1379 1969 En esta ilustre ciudad,
976 1970 1415 2013 nació de padres altivos
976 2015 1417 2056 doña Leonor de la Rosa,
972 2058 1446 2100 á quien el cielo propicío,
973 2102 1423 2143 se esmeró en dibujarla,
978 2144 1527 2187 de manera que al sol mismo
980 2188 1460 2231 se le opuso en hermosura
983 2232 1431 2275 este encanto de Cupido.
984 2278 1479 2320 Fué en estremo su belleza,
985 2321 1435 2367 que pasó á ser prodigio,
