1737 2508
1174 180 1471 219 Número 139.
314 1225 1429 1273 NUEVA RELACION
168 1333 1588 1377 elegre y divertida del chasco que le ha dado una
163 1404 1585 1449 mujer á su marido siendo arriero, y las clases
174 1476 1588 1520 de mujeres que hay hoy en dia, con lo demás
474 1551 1290 1591 que verá el curioso lector.
239 1719 724 1755 Oigan una cancion nueva
175 1765 557 1800 que le voy á referir,
174 1807 555 1844 que le sucedió á un arriero
175 1852 592 1890 en Cadiz como es así.
180 1893 499 1930 Vivid con cuidado
170 1938 608 1978 y andad siempre alerta,
176 1982 549 2021 que son las mujeres
175 2025 515 2066 pajaras de cuenta.
178 2072 584 2109 Este arriero se hallaba
172 2116 574 2157 casado con su mujer,
176 2160 550 2199 ella era buena moza
174 2202 536 2246 y de lindo parecer;
176 2247 498 2288 que mujer bonita
899 1725 1237 1758 y cepo temprano,
908 1769 1242 1802 no todas las ubas
906 1813 1283 1845 se las come al amo.
904 1856 1340 1890 Salió para quince dias,
899 1900 1399 1935 y en el camino encontraba
905 1945 1418 1979 quien el genero le compre,
903 1989 1425 2024 con que el viaje abreviaba.
897 2032 1270 2067 A las diez en punto
907 2077 1238 2111 de la noche llega
899 2122 1308 2156 llamando à la puerta
907 2166 1298 2199 para que le abrieran.
906 2211 1400 2244 La mujer que á su marido
904 2256 1404 2289 aquella noche no esperaba
