1765 2512
287 240 325 292 6
204 285 702 353 presentólos á don Juan,
205 334 690 396 y este se lo agradecia.
203 389 565 449 En la galera real
205 432 692 496 del turco se descubrian,
206 477 743 547 mas de ciento ochenta mil
205 528 675 590 zequies de oro de valia
208 573 843 645 moneda que es mas de escudo,
217 624 769 692 y adornos de gran cuantia;
211 673 751 739 muchos brocados y sedas,
215 728 586 786 aljófar y perlería.
215 775 659 837 La del bajá Zaracosa
924 258 1433 323 mil zequies de oro tenia:
922 307 1453 372 la presa se dió á la tropa;
925 356 1347 423 su alteza la repartia
930 405 1368 468 como liberal y franco,
935 452 1490 523 á quien Dios en la otra vida
934 501 1474 564 le dé su gloria y descanso,
941 555 1315 621 y á toda la herejía
939 597 1449 664 de los turcos la consuma
943 650 1364 717 segun España confia,
945 697 1482 766 y á nuestro buen Soberano
945 746 1449 813 guarde y alargue la vida,
603 1160 1263 1247 SEGUNDA PARTE.
242 1311 1649 1412 Carta y presente que por medio de un embajador y gran comitiva envió
598 1376 1278 1447 el Sultan á don Juan de Austria.
298 1555 785 1617 Yo Selim al gran Sultan,
244 1598 714 1666 rey de reyes coronado,
249 1647 732 1713 de siete imperios señor,
252 1694 824 1764 que estan bajo de mi mando,
258 1738 750 1809 Capadocia y Trevisonda,
261 1791 793 1862 y el gran Cairo nombrado,
256 1841 755 1909 emperador del gran Kan
258 1890 724 1958 de Esclavonia llamado,
259 1941 799 2003 de Costantinopla y griegos
263 1990 673 2054 Tamorlan intitulado,
268 2037 738 2101 emperador de Turquia,
265 2084 771 2154 de Armenia y su reinado
267 2132 822 2201 rey de setenta y tres reyes,
276 2182 824 2248 que no digo ni he contado,
273 2233 728 2299 señor de la Casa Santa
278 2275 920 2344 que es lo que llora el cristiano.
281 2329 795 2397 A vos, principe don Juan
972 1524 1418 1588 de Austria intitulado,
972 1581 1355 1643 hijo del emperador
979 1618 1506 1694 Cárlos quinto el esforzado
982 1677 1457 1741 hermano del rey Felípe
981 1716 1451 1784 el mas bien afortunado.
989 1767 1443 1837 General sois de la Liga
986 1820 1467 1884 de Venecia y el Romano,
991 1865 1500 1937 y de España la invecible,
988 1912 1608 1980 como siempre lo ha mostrado.
983 1961 1547 2031 Aquí os envio un presente,
988 2014 1600 2080 no conforme á vuestro estado;
990 2065 1496 2131 dichoso os podeis llamar,
998 2112 1471 2182 y en el mar afortunado,
1000 2157 1492 2229 y mas por solo enviaros
997 2202 1618 2272 el presente que aqui os mando;
996 2257 1455 2323 si no es cual mereceis
1006 2306 1459 2374 recibidlo de mi mano.
