1737 2508
1176 214 1518 254 Nùm 142.
369 1034 1424 1082 RELACION DE LA VIDA,
579 1135 1219 1184 PASION Y MUERTE
246 1300 1538 1352 DE CRISTO NUESTRO SEÑOR.
259 1471 737 1508 A la Aurora bajó el Sol,
208 1519 652 1555 fue disposicion divina,
212 1568 766 1604 de que tome carne humana,
212 1615 731 1653 para que al mundo redima
212 1664 739 1701 oon su pasion y su muerte,
211 1712 736 1749 de aquella caverna ó cima
216 1760 706 1798 donde estábamos sugetos
220 1810 682 1846 con una obligacion fija.
211 1856 677 1893 Por este sacro misterio
217 1905 788 1942 nos vemos libres; qué dicha!
219 1954 737 1991 Gabriel trajo la embajada,
220 2003 682 2038 llegó y díjo: Ave Maria,
220 2053 716 2088 llena sois toda de gracia;
224 2100 615 2137 concebireis este dia
222 2148 749 2186 en vuestras puras entrañas
224 2197 727 2235 al Niño Dios, Virgen Pia.
230 2243 742 2282 Y dado el consentimiento
221 2294 658 2334 quedó preñada María.
923 1462 1464 1501 Llegando los nueve meses,
928 1507 1325 1548 de Nazaret se partia
938 1557 1522 1597 para Belén: y entre escarchas
934 1606 1426 1645 nació el autor de la vida.
940 1653 1446 1692 Los pastores se alegraron,
932 1701 1370 1741 los cielos se regocijan,
930 1750 1433 1789 los Querubines le cantan,
937 1798 1352 1837 y los ángeles decian;
939 1847 1519 1885 ya es nacido el Rey del cielo,
939 1896 1513 1934 gloria á Dios se dé cumplida.
939 1944 1441 1984 En su Circuncision sacra,
947 1993 1513 2032 que fué al cábo de ocho dias,
944 2042 1584 2080 nos dió á entender en el templo,
942 2090 1435 2129 á lo que al mundo venia,
941 2139 1542 2177 que era á derramar su sangre,
960 2187 1464 2226 por restaurar lo que habia
946 2234 1382 2275 perdido por el pecado
951 2284 1499 2323 de Adán: notable desdicha!
