1777 2570
294 51 798 133 hablando con una Dama;
290 108 859 197 pasó, el sombrero quitando,
294 160 726 233 haciendo la cortesia;
287 211 755 285 se picó y el agraviado,
291 259 777 338 se despidió de la Dama,
292 312 817 385 y fué siguiendo sus pasos.
283 359 751 431 Alcanzole y dijo: Mire,
292 379 848 487 veo, que es un desbarbado,
290 458 762 520 que si no de bofetadas
297 501 784 576 rato ha le hubiera dado.
290 553 728 621 Apenas lo pronunció,
290 597 953 677 cuando le dió un cintorazo
298 643 957 718 con espada, baina, y todo.
297 698 965 779 que le hizo andar rodando:
292 740 958 825 Se metió en la Magdalena
298 794 966 876 valiendose del Sagrado,
298 841 972 924 dos dias estuvo allí,
287 898 964 968 y Don Geronimo Pardo
299 940 768 1011 la sacó de este peligro.
295 995 947 1077 Con que poniendola en salvo,
300 1040 895 1120 vino hasta Barcelona
297 1086 948 1168 sirviéndole de criado.
297 1138 921 1212 Se embarcó para Milán
292 1185 870 1253 con otros muchos soldados,
300 1235 874 1320 porque iba Felipe Quinto.
298 1290 758 1351 á socorrer sus estados.
289 1336 883 1406 En la campaña se halló,
291 1387 954 1463 cuando á Alemania quitaron
298 1429 963 1514 las Vanderas y Estandartes,
291 1482 954 1558 que á la Corte convocaron.
301 1528 954 1615 Volvió otra vez con el Rey,
295 1576 956 1660 hasta que desembarcaron.
301 1620 961 1704 Asi que en tierra se vido.
288 1668 954 1753 rindió gracias con aplausos
292 1727 803 1793 á Dios por los beneficios
300 1752 895 1856 que le hace, y que le ha dado.
302 1819 762 1893 De Genoya dos Galeras
296 1869 821 1939 á aqueste puerto llegaron,
294 1902 910 1994 se embarcó y fuese á Marsella,
296 1967 790 2030 y un Capitan de caballos
301 2019 723 2080 la amparó y favoreció
300 2067 726 2130 en el viaje tan largo.
298 2119 701 2169 A Malaga fué con él,
1022 47 1645 127 y el Capitan cayó malo;
1022 115 1458 181 ella pasó á Gibraltar,
1032 150 1699 230 donde mató un Escribano,
1024 216 1695 283 porque le hizo un testamento,
1034 265 1449 326 ero se lo hizo falso,
1023 307 1714 388 Hacia Cádiz dió la vuelta,
1024 355 1701 437 y estando un dia jugando
1032 417 1709 481 en la puerta de la Mar,
1028 467 1719 537 en la mesa de los dados,
1028 510 1713 581 sobre jugar una suerte
1030 555 1731 629 á un valiente Sevillano,
1024 616 1720 673 se volvieron contra ella
1033 663 1710 733 catorce ó quince soldados,
1035 698 1693 778 tres eran en su favor,
1025 748 1700 826 las espadas arrancando,
1030 802 1697 867 con ánimo, y valentia
1028 851 1704 927 mataron cinco contrarios;
1030 894 1712 964 tambien ella salió herida
1031 942 1708 1025 de una estocada en un brazo.
1030 994 1703 1064 En la casa del Obispo
1026 1046 1703 1121 un mes se estuvo curando,
1030 1095 1705 1167 sanó, y se vino á Jerez,
1032 1138 1714 1216 á donde con Pedro Manso,
1032 1192 1715 1264 el guapo de aquella tierra,
1032 1242 1697 1320 con él tuvo un cierto enfado;
1022 1296 1715 1367 y para desenfadarse,
1024 1333 1699 1417 se salió con él al campo:
1025 1391 1699 1465 sin ofenderse uno á otro,
1027 1432 1519 1508 hora y media pelearon,
1030 1480 1711 1555 hicieron las amistades
1024 1539 1712 1608 con mucho gusto y agrado.
1032 1581 1706 1656 Ella caminó á Jaen,
1026 1624 1691 1709 donde un dia en el mercado,
1027 1679 1705 1754 á un primo de Serafin,
1024 1725 1701 1790 el que estuvo aprisionado
1023 1774 1506 1845 en la Corte de Madrid,
1034 1818 1666 1903 quiso á un Labrador honrado
1030 1872 1528 1947 engañarle en un doblon,
1032 1917 1509 1991 y ella lo estaba mirando;
1028 1973 1519 2031 y porque vido la infamia
1034 2016 1565 2089 de aquel falso y vil engaño,
1026 2068 1504 2133 se trabaron de palabras,
1018 2120 1569 2199 y él arrancando un terciado
