1737 2508
640 228 705 270 ¡Oh
725 229 821 263 triste
837 228 878 262 de
893 226 952 264 mi,
973 226 1037 270 qué
1055 224 1137 259 haré
1140 228 1149 258 1

596 274 718 307 vístase
731 274 762 307 el
787 274 876 307 alma
890 273 930 304 de
948 272 1033 309 lulo,

594 328 615 358 y
636 327 699 359 que
715 322 787 351 otro
806 318 881 359 coja
896 316 929 348 el
948 316 1040 358 fruto

594 370 658 404 que
676 371 716 403 yo
730 371 814 405 para
834 360 880 393 mi
898 358 1023 394 sembré

241 404 282 437 Se
302 403 448 437 encarnó
465 403 541 437 Dios
560 414 604 438 en
628 406 730 439 María

197 455 236 479 en
260 448 363 480 forma
381 448 421 480 de
438 457 540 482 carne
557 449 719 490 humana,

195 491 372 531 quedando
389 494 445 524 tan
460 501 545 533 pura
564 502 580 534 y
597 501 679 525 sana

195 543 293 566 como
311 543 354 567 en
375 536 483 576 gracia
503 537 700 575 concebida,

195 579 250 611 fue
268 582 324 611 tan
341 580 467 619 grande
485 581 514 612 la
531 581 625 614 caída

195 630 259 662 que
278 630 316 663 yo
331 624 370 655 de
390 623 480 656 Adan
499 624 635 664 heredé,

194 675 209 704 y
228 674 261 697 es
277 665 418 699 arliculo
433 667 474 700 de
491 668 522 700 fó

193 718 257 749 que
278 709 436 743 debemos
457 713 621 750 confesar,

192 762 210 792 y
231 754 255 785 si
276 754 306 785 lo
325 754 408 794 llego
429 753 445 787 á
463 754 583 793 dudar,

194 797 245 835 ¡oh
266 796 363 828 triste
380 797 420 829 de
437 797 495 836 mi,
516 801 578 841 qué
596 799 690 832 haré!

238 840 359 872 Formó
377 841 451 873 Dios
468 842 498 875 el
520 843 652 877 Paraíso

192 894 256 917 con
272 884 419 917 infinitos
441 887 617 927 primores,

192 937 291 961 romo
313 929 428 964 frutas,
448 929 590 970 plantas,
616 933 729 969 flores,

192 981 208 1001 a
232 972 321 1003 Adan
341 972 488 1005 también
508 975 538 1006 lo
553 974 641 1011 hizo;

191 1024 208 1044 v
227 1024 286 1057 por
301 1014 404 1048 haber
421 1017 652 1058 quebrantado

193 1068 209 1089 a
227 1068 265 1091 su
287 1059 398 1101 antojo
416 1059 435 1092 ó
454 1062 612 1103 capricho

194 1103 225 1135 lo
242 1111 305 1144 que
327 1104 357 1136 le
377 1104 489 1136 estaba
510 1105 645 1147 privado

194 1154 255 1186 por
273 1147 399 1188 quedar
418 1147 529 1181 dueño
548 1150 702 1183 absoluto

192 1190 246 1222 del
263 1189 353 1223 árbol
369 1200 433 1231 que
449 1192 501 1224 fue
523 1193 662 1233 vedado,

196 1237 318 1267 vístase
332 1234 364 1267 el
383 1234 474 1267 alma
493 1235 535 1269 de
553 1237 635 1272 lulo.

965 401 1052 437 Salió
1065 402 1142 435 Dios
1161 411 1205 435 en
1222 402 1326 437 busca
1339 403 1380 437 de
1395 403 1441 446 él,

922 446 1124 481 diciéndole:
1145 447 1250 488 Adaq,
1270 452 1415 490 pecaste,

924 500 982 525 eso
998 491 1050 522 fue
1070 491 1101 522 lo
1117 498 1182 532 que
1198 490 1354 525 buscaste

927 545 986 577 por
1005 533 1154 567 solicitar
1180 543 1312 576 muger;

922 579 1015 613 Adan
1030 578 1162 619 quísose
1176 579 1342 612 esconder

923 633 964 657 en
982 632 1024 655 un
1044 624 1139 664 lugar
1159 631 1237 662 muy
1251 623 1378 662 oculto;

924 676 994 700 mas
1011 667 1041 699 le
1055 666 1142 699 dice:
1161 667 1284 708 ¿huyes
1297 667 1349 701 del
1367 668 1474 701 susto?

923 710 1003 752 ¿qué
1019 714 1051 742 te
1073 709 1177 742 hallas
1202 712 1449 753 avergonzado?

921 764 985 787 ven
1006 753 1023 786 á
1042 762 1144 796 pagar
1158 757 1193 786 tu
1211 754 1348 794 pecado,

921 809 941 841 y
955 807 1016 841 que
1037 801 1108 830 otro
1124 798 1196 840 coja
1211 796 1242 830 el
1262 800 1365 840 fruto.

967 842 1032 882 Hoy
1049 851 1112 874 con
1137 851 1175 874 su
1193 851 1313 884 sangre
1326 843 1435 876 divina

922 884 1063 918 redimió
1082 886 1155 917 Dios
1176 886 1206 918 el
1228 886 1364 927 pecado,

922 929 992 962 solo
1014 938 1072 961 nos
1089 927 1163 969 dejó
1184 932 1373 971 encargado

921 983 958 1006 su
977 976 1071 1005 santa
1090 973 1140 1012 ley
1162 982 1177 1013 y
1200 973 1365 1011 doctrina;

919 1017 952 1049 al
974 1016 1057 1048 cielo
1079 1025 1139 1049 nos
1155 1018 1335 1051 encamina

921 1059 1088 1100 creyendo
1101 1068 1140 1092 su
1160 1065 1256 1093 santa
1273 1060 1319 1098 fé;

924 1114 938 1144 y
956 1104 1061 1137 Cristo
1077 1109 1108 1136 te
1126 1102 1215 1140 dice,
1238 1114 1303 1147 que

922 1148 954 1180 lo
972 1152 1090 1187 tengas
1103 1155 1145 1179 en
1160 1147 1191 1179 la
1208 1151 1404 1185 memoaria,

922 1200 987 1233 que
1006 1200 1082 1232 para
1103 1191 1133 1223 el
1149 1191 1239 1230 justo
1257 1202 1291 1224 es
1316 1192 1343 1225 la
1359 1194 1475 1234 gloria,

922 1244 985 1278 que
1002 1244 1044 1276 yo
1060 1243 1147 1276 para
1164 1235 1211 1267 mí
1226 1235 1365 1273 sembré.

634 1283 735 1316 Preso
754 1291 792 1314 en
808 1281 844 1313 la
857 1278 967 1314 cárcel
984 1281 1085 1320 estoy,

588 1336 630 1359 no
647 1326 777 1369 tengáis
785 1334 873 1367 pena
888 1333 953 1367 por
964 1334 1029 1363 eso,

589 1380 652 1412 que
672 1381 712 1404 no
733 1380 788 1411 soy
807 1369 837 1401 el
856 1367 986 1411 primer
1003 1377 1112 1409 preso,

587 1415 625 1446 ni
641 1415 718 1457 dejo
734 1415 775 1446 de
786 1423 841 1447 ser
850 1412 952 1456 quien
964 1422 1035 1454 soy.

238 1442 777 1498 Con qué amor y qué ternura
186 1487 603 1544 estaba mi buen Jesus,
190 1545 368 1584 pendiente
391 1545 431 1578 de
451 1547 584 1587 aquella
601 1548 685 1581 Cruz

188 1587 360 1620 sufriendo
377 1591 467 1621 tanta
484 1600 677 1634 amargura:

188 1630 235 1662 les
255 1631 322 1672 dijo
338 1630 356 1663 á
371 1631 419 1665 las
431 1633 609 1672 criaturas;

192 1673 288 1711 mira,
308 1678 342 1707 tu
362 1676 529 1710 Redentor
546 1688 615 1721 soy,

185 1726 203 1756 y
225 1726 284 1758 por
304 1719 328 1752 tí
345 1719 375 1751 la
393 1721 464 1753 vida
481 1720 556 1765 doy,

187 1768 229 1793 no
251 1771 368 1803 reparo
388 1774 428 1797 en
447 1769 481 1797 tu
499 1766 643 1803 maldad,

185 1812 251 1845 que
273 1816 332 1847 por
346 1807 440 1841 darte
458 1808 612 1849 libertad,

182 1857 282 1887 preso
299 1859 338 1882 en
355 1851 388 1883 la
407 1852 517 1886 cárcel
538 1858 640 1895 estoy.

228 1891 273 1925 De
290 1897 473 1929 tormentos
491 1907 507 1939 y
524 1898 654 1938 fatigas,

185 1935 224 1968 de
243 1936 324 1970 Cruz
339 1940 480 1981 cargado
498 1952 511 1982 y
533 1942 708 1984 prisiones,

184 1981 310 2013 metido
330 1986 425 2016 entre
442 1984 499 2016 dos
514 1986 683 2024 ladrones,

185 2031 224 2055 va
239 2025 269 2056 el
289 2025 455 2060 Redentor
475 2028 514 2062 de
529 2031 558 2061 la
575 2030 661 2063 vida:

185 2066 271 2101 miró
290 2078 327 2101 su
348 2070 458 2104 Madre
474 2074 609 2111 querida

183 2119 249 2151 que
264 2112 344 2153 cayó
368 2113 421 2147 del
435 2123 536 2155 grave
551 2126 628 2158 peso

183 2154 224 2186 de
237 2156 267 2187 la
281 2157 376 2195 Cruz,
397 2166 435 2200 yo
453 2159 485 2191 lo
496 2161 655 2197 confieso,

185 2207 199 2237 y
222 2198 276 2231 fue
298 2204 387 2233 tanta
402 2211 439 2234 su
456 2204 588 2245 agonia,

182 2250 248 2282 que
270 2243 369 2277 Je&us
385 2245 451 2287 dijo
467 2246 484 2277 á
498 2248 612 2292 María:

183 2295 223 2318 no
237 2288 368 2330 tengáis
382 2298 469 2331 pena
486 2301 549 2335 por
563 2302 627 2326 eso.

956 1449 1489 1503 Hasta el calvario ha llegado,
917 1488 1430 1542 donde con ánsias mortales,
917 1546 957 1578 de
972 1554 1027 1577 sus
1046 1545 1187 1578 vestidos
1203 1546 1319 1580 Reales

916 1590 970 1621 fue
985 1588 1028 1620 mi
1049 1589 1145 1621 Jesús
1162 1589 1352 1632 despojado;

915 1632 974 1665 alli
992 1633 1044 1664 fue
1062 1642 1103 1666 en
1125 1632 1154 1665 la
1172 1633 1256 1666 Cruz
1277 1635 1427 1675 clavado,

921 1687 936 1708 v
957 1675 1127 1710 sufriendo
1148 1678 1178 1709 el
1198 1676 1280 1710 duro
1299 1686 1389 1720 peso,

918 1730 988 1754 mas
1005 1729 1046 1752 no
1067 1719 1198 1761 afligido
1214 1730 1273 1760 por
1287 1730 1357 1759 eso,

916 1765 981 1807 dijo
997 1764 1091 1798 Jesús
1108 1763 1124 1795 á
1142 1764 1255 1796 Mana:

914 1809 1123 1847 consuélese,
1146 1808 1258 1843 Madre
1273 1809 1351 1847 mia,

914 1864 976 1895 que
992 1863 1034 1885 no
1047 1862 1106 1894 soy
1120 1853 1152 1885 el
1170 1853 1302 1896 primer
1310 1863 1423 1895 preso.

958 1899 1023 1930 Con
1041 1896 1072 1930 fé
1089 1906 1104 1937 y
1125 1898 1165 1930 de
1180 1906 1360 1940 esperanza
1378 1897 1479 1935 lleno,

912 1941 977 1982 dijo
992 1942 1021 1974 el
1041 1942 1127 1974 buen
1147 1941 1262 1975 ladrón
1280 1941 1340 1976 así:

912 1986 1028 2022 Señor,
1049 1985 1209 2018 acordaos
1230 1986 1270 2019 de
1287 1985 1334 2019 mi

913 2030 1043 2062 cuando
1053 2028 1156 2062 estéis
1183 2038 1222 2062 en
1241 2033 1376 2063 vuestro
1391 2032 1485 2066 reino

913 2084 928 2114 y
944 2074 1038 2106 Jesús
1053 2072 1118 2113 dijo
1139 2081 1273 2107 sereno:

911 2117 973 2157 hoy
990 2116 1147 2157 conmigo
1168 2117 1225 2149 lias
1243 2117 1283 2150 de
1297 2118 1395 2152 venir

910 2160 927 2191 á
943 2161 989 2193 mi
1005 2168 1086 2202 gran
1098 2160 1194 2193 reino
1210 2159 1229 2192 á
1245 2161 1347 2201 vivir;

909 2204 939 2236 el
959 2204 1087 2237 Paraíso
1102 2207 1134 2236 te
1157 2204 1234 2245 doy;

909 2256 973 2289 que
989 2255 1122 2290 aunque
1141 2248 1283 2283 clavado
1296 2257 1352 2282 me
1369 2259 1440 2288 ves,

909 2300 949 2325 no
970 2292 1043 2335 dejo
1063 2292 1102 2325 de
1117 2301 1170 2325 ser
1184 2292 1284 2335 quien
1298 2301 1367 2335 soy.
