1684 2475
211 162 262 201 Ya
284 175 354 214 que
375 162 430 201 los
450 162 531 214 dejó
552 162 754 206 acostados,

211 217 348 255 cuando
368 229 410 268 ya
441 216 496 254 iba
517 215 786 260 amaneciendo,

209 269 298 307 salió
326 269 358 308 la
376 269 464 307 Misa
484 269 541 307 del
564 269 657 312 alba,

209 322 349 361 cuando
370 323 403 361 el
424 322 505 360 alba
525 322 596 370 ibá,
621 323 844 374 rompiendo,

208 389 346 426 porque
367 375 472 426 quiso
492 375 682 426 Margarita

208 429 241 467 al
258 428 339 467 alba
355 429 453 470 darla
474 441 522 466 un
538 435 748 475 encuentro,

207 494 230 533 y
250 494 298 519 un
316 481 455 533 choque
475 494 540 519 con
560 495 603 520 su
625 482 854 529 hermusura,

208 547 289 573 cara
310 538 329 573 á
351 547 431 573 cara
447 548 467 586 y
484 547 616 587 cuerpo
634 537 654 574 á
679 549 827 589 cuerpo,

209 587 267 625 luz
288 590 307 627 á
329 588 385 626 luz
407 601 427 639 y
448 600 532 639 rayo
554 591 572 626 á
594 601 691 640 rayo,

211 653 281 691 que
305 640 411 692 podia
430 640 513 679 bien
534 641 692 682 hacerlo,

209 695 241 731 A
267 699 343 732 este
367 694 499 745 tiempo
522 693 642 733 Julián
662 694 758 740 vino,

211 746 351 784 cuando
373 746 417 785 de
434 747 549 798 Apolo
566 747 600 786 el
620 748 742 787 lucero

208 799 339 852 rayaba
361 800 543 838 neutrales
563 800 663 839 luces

210 865 255 890 en
276 852 308 890 la
328 852 486 903 lámpara
506 853 550 891 de
571 853 682 891 Febo:

207 905 349 943 cuando
374 906 408 944 el
431 906 544 944 tierno
562 906 723 957 pajarillo

206 958 365 1009 empieza
387 961 406 996 á
439 965 592 998 entonar
606 973 774 1011 gorgeos,

205 1024 227 1062 y
250 1011 472 1050 sacudiendo
493 1025 556 1051 sus
571 1013 727 1064 plumas,

206 1063 518 1115 desperezándose
538 1065 657 1104 hueco

205 1116 313 1156 sobre
336 1117 368 1155 la
390 1118 499 1157 verde
520 1118 659 1157 ramilla

207 1170 251 1207 de
272 1170 325 1208 los
348 1170 479 1222 chopos
498 1185 518 1223 y
537 1171 592 1209 los
612 1172 752 1211 fresnos

207 1224 226 1260 á
242 1222 333 1261 vista
354 1223 398 1261 de
418 1237 460 1262 su
484 1231 651 1264 consorte

206 1275 265 1313 del
281 1276 360 1326 pico
379 1276 508 1315 afilada
530 1277 563 1315 el
585 1284 758 1316 extremo:

206 1331 310 1369 entró
332 1328 453 1367 Julián
475 1342 519 1367 en
540 1343 583 1368 su
606 1337 744 1375 cuarto,

206 1380 426 1421 descuidado
451 1382 507 1421 del
524 1394 666 1427 suceso,

204 1447 244 1472 se
266 1435 325 1471 fué
341 1436 541 1474 acercando
563 1439 581 1474 á
616 1449 657 1475 su
680 1450 780 1476 cama

206 1499 288 1538 para
310 1488 375 1525 dar
399 1488 576 1527 descanso
597 1489 630 1527 al
651 1503 786 1542 cuerpo

205 1539 264 1578 del
289 1541 481 1580 cansancio
501 1542 546 1579 de
569 1541 601 1580 la
618 1555 714 1586 caza,

206 1592 351 1644 imágcn
374 1593 418 1632 de
439 1607 501 1633 sus
521 1593 687 1633 alientos.

205 1645 410 1691 Descorrió,
430 1660 532 1698 pues,
559 1648 591 1686 la
612 1649 759 1692 cortina,

203 1701 222 1736 á
244 1699 362 1738 donde
382 1700 529 1739 estaban
550 1700 761 1741 durmiendo

202 1764 263 1790 sus
280 1752 344 1791 dos
365 1753 496 1806 padres
518 1754 718 1802 recogidos,

201 1806 365 1856 pagando
386 1807 418 1845 el
436 1806 575 1845 natural
597 1808 720 1852 feudo,

203 1870 224 1907 y
243 1859 386 1898 cuando
411 1859 491 1898 vido
510 1859 631 1898 Julián

203 1909 352 1950 hombre
374 1926 393 1950 v
414 1924 541 1965 muger
561 1925 606 1951 en
625 1926 667 1952 su
686 1913 805 1958 lecho,

204 1968 342 2003 estatua
360 1965 403 2004 de
427 1965 577 2004 mármol
598 1966 663 2005 frió

205 2028 246 2054 se
267 2019 385 2067 quedó
406 2019 450 2058 de
476 2019 597 2070 luego,
615 2022 634 2057 á
655 2019 779 2071 luego,

204 2068 384 2120 juzgando
405 2084 474 2123 que
492 2085 550 2110 era
572 2085 614 2109 su
634 2084 764 2125 esposa

209 2134 280 2172 que
300 2123 334 2162 le
349 2125 448 2164 hacia
470 2124 660 2164 adulterio.

212 2174 371 2217 Colérico
392 2192 411 2231 y
432 2177 600 2228 enojado,

909 118 930 153 7

937 176 1042 203 como
1063 165 1145 203 león
1162 165 1359 208 carnicero,

936 229 1006 267 que
1022 218 1266 270 despedazaba
1282 219 1399 256 zeloso

934 270 1080 322 chopos,
1103 278 1276 322 peñascos
1291 286 1312 324 y
1332 272 1448 316 leños,

934 323 1060 362 siendo
1080 338 1141 363 sus
1158 325 1291 376 agudas
1311 338 1435 376 garras

936 376 991 415 los
1020 378 1197 416 cuchillos
1219 392 1294 416 mas
1313 378 1483 429 shngrien

937 442 1004 468 con
1022 431 1220 469 encendido
1238 444 1297 469 cor
1300 445 1316 469 a
1321 444 1381 482 ge,

936 483 1098 522 echando
1119 498 1181 522 sus
1203 484 1277 535 ojos
1298 486 1421 535 fuego,

936 536 969 574 el
986 549 1134 575 corazón
1156 538 1368 588 palpitante,

936 602 1006 640 que
1027 590 1061 628 le
1081 590 1167 629 salia
1189 590 1246 628 del
1264 592 1394 641 pecho,

935 642 1054 692 pálido
1075 643 1108 681 el
1130 643 1271 681 rabioso
1295 651 1426 689 rostro,

936 698 1085 734 arrancó
1106 709 1153 734 un
1176 696 1282 747 puñal
1303 697 1474 741 violento,

936 761 957 799 y
978 749 1032 787 les
1052 749 1109 787 dió
1131 750 1174 787 de
1195 750 1406 800 puñaladas,

938 802 1149 853 dejándolos
1172 803 1232 840 allí
1254 810 1427 847 muertos,

938 855 1196 893 revolcándose
1220 869 1264 893 en
1285 869 1327 894 su
1348 869 1497 908 sangre,

938 908 1099 959 téngalos
1119 908 1204 946 Dios
1225 921 1270 946 en
1286 909 1318 946 el
1339 910 1444 948 cielo.

936 961 1030 999 Vino
1049 960 1203 1012 después
1224 961 1429 1013 Margarita,

935 1027 958 1065 y
977 1013 1106 1052 viendo
1127 1014 1160 1052 el
1180 1020 1322 1065 estregó
1342 1015 1443 1063 fiero,

937 1066 970 1104 le
987 1066 1066 1105 dice
1087 1079 1217 1118 esposo
1238 1067 1294 1105 del
1323 1068 1430 1110 alma,

937 1121 1006 1170 qué
1026 1125 1167 1170 estrago
1177 1132 1216 1158 es
1227 1127 1306 1159 este
1322 1133 1391 1171 que
1402 1121 1466 1159 has
1476 1121 1608 1160 hecho?

937 1171 1051 1210 Sabes
1062 1185 1130 1223 que
1141 1173 1204 1211 has
1213 1179 1351 1211 muerto
1361 1176 1379 1211 á
1391 1179 1447 1212 tus
1459 1175 1603 1225 padres,

934 1238 1025 1276 pues
1044 1231 1101 1263 tus
1121 1225 1248 1276 padres
1267 1239 1352 1265 eran
1364 1228 1482 1265 estos?

934 1291 1004 1329 que
1025 1280 1108 1328 aquí
1127 1279 1290 1329 llegaron
1312 1282 1330 1317 á
1351 1280 1469 1318 noche

935 1343 980 1368 en
1001 1338 1038 1369 tu
1058 1331 1165 1369 busca
1187 1345 1208 1383 y
1229 1332 1481 1382 seguimiento,

935 1396 980 1421 en
1001 1390 1101 1435 trage
1122 1384 1166 1422 de
1186 1385 1413 1436 peregrinos,

933 1450 955 1488 y
975 1449 1018 1488 yo
1040 1437 1092 1475 los
1114 1439 1199 1475 metí
1215 1439 1298 1488 aquí
1319 1437 1461 1481 dentro,

929 1489 1218 1541 hospedándolos
1240 1503 1284 1528 en
1305 1503 1400 1534 casa,

930 1556 951 1594 y
972 1556 1017 1580 en
1042 1543 1090 1580 fin
1110 1543 1143 1580 le
1165 1546 1269 1581 contó
1289 1543 1321 1583 el
1342 1556 1488 1587 suceso,

933 1595 1013 1633 lodo
1035 1595 1068 1633 lo
1089 1608 1158 1645 que
1178 1598 1279 1647 pasó;

930 1661 952 1699 y
973 1648 1006 1686 él
1030 1648 1163 1687 atónito
1182 1662 1205 1700 y
1224 1661 1416 1700 suspenso,

929 1701 1102 1752 pasmado
1123 1702 1167 1739 de
1187 1703 1293 1752 aquel
1314 1715 1435 1746 acaso,

928 1754 1156 1805 arrepentido
1185 1755 1242 1793 del
1259 1755 1389 1793 hecho,

924 1806 1054 1845 viendo
1076 1809 1094 1844 á
1114 1820 1155 1845 su
1177 1820 1304 1858 esposa
1325 1807 1505 1851 inocente,

925 1872 996 1910 que
1015 1859 1075 1898 fué
1094 1873 1199 1898 causa
1224 1860 1267 1898 de
1283 1874 1325 1899 su
1345 1873 1464 1912 yerro,

926 1925 1071 1963 aunque
1092 1913 1161 1951 ella
1176 1924 1222 1950 no
1242 1919 1326 1952 tuvo
1347 1913 1457 1964 culpa

929 1965 988 2004 del
1010 1965 1227 2005 lamentable
1248 1979 1392 2009 suceso,

928 2032 969 2057 se
989 2019 1118 2058 acordó
1153 2018 1285 2057 lloroso
1306 2033 1327 2070 y
1340 2019 1441 2057 triste

930 2072 974 2110 de
997 2072 1031 2109 lo
1055 2085 1124 2123 que
1147 2072 1180 2110 le
1202 2072 1272 2122 dijo
1295 2072 1327 2109 el
1350 2072 1477 2110 Ciervo

929 2125 1068 2163 cuando
1095 2125 1128 2163 le
1149 2124 1263 2176 siguió
1286 2137 1330 2162 en
1353 2125 1382 2163 la
1405 2137 1502 2168 caza,

928 2177 1107 2217 haciendo
1127 2191 1172 2217 en
1189 2178 1337 2216 matarle
1359 2185 1527 2228 empeño.
