1737 2508
1169 233 1357 278 Núm. 28.
264 1346 1472 1409 LA GRAN VICTORIA
189 1452 1588 1513 QUE TUVO DON JUAN DE AUSTRIA, CONTRA LA ARMADA
188 1500 1592 1559 turquesa en el golfo de Lepanto á siete de octubre de 1571, dividida en
186 1547 1592 1607 tres famosos romances. El primero, cuando partió don Juan del reino de
188 1596 1588 1656 Sicilia, con toda la armada en busca de la del turco. El segundo, el
186 1645 1586 1705 presente que envió el Turco al señor don Juan. El tercero, otro presente
278 1694 1497 1757 que hizo el señor don Juan al Turco, con muy, sabias respuestas.
567 1917 1215 1972 PRIMERA PARTE.
245 2031 655 2086 De Sicilia con poder
194 2082 635 2140 la armada real partia,
197 2126 770 2186 en lindo acuerdo y concierto
197 2174 786 2234 don Juan de Austria la regia,
197 2225 663 2283 magnánimo y valeroso,
202 2276 655 2337 príncipe de gran valía,
918 2013 1504 2076 hermano del rey de España,
928 2062 1427 2124 que por general lo envia:
925 2110 1440 2170 doscientas y ocho galeras,
920 2161 1364 2219 eran todas de la Liga,
923 2207 1509 2270 y veinte y seis naves gruesas,
923 2261 1307 2319 seis galeazas habia
