1737 2508
146 326 295 367 aunque
314 324 384 351 con
406 311 576 349 bastante
595 304 732 352 miedo,

145 381 215 421 por
234 368 263 405 si
279 378 318 405 se
338 362 492 403 armaba
512 370 697 399 camorra:

147 420 295 460 cuando
316 418 419 461 Dios,
437 428 457 466 y
482 426 530 452 en
568 412 661 450 hora
680 410 818 456 buena,

147 486 231 521 veo,
254 483 327 523 que
343 483 392 509 un
413 466 569 508 hombre
588 477 658 503 con
685 474 795 501 sorna

151 526 173 565 á
196 527 229 564 la
252 537 323 563 una
343 524 389 561 de
407 522 462 560 las
481 520 567 566 dos,

151 581 185 618 le
205 579 293 629 dijo,
316 588 385 614 con
408 571 540 613 mucha
561 582 687 621 prosa:

152 633 310 679 Señora,
332 627 485 680 querida
516 624 602 671 mia,

152 697 201 736 yo
222 683 269 722 he
288 684 334 721 de
354 682 579 729 acompañar
595 674 726 720 ahora,

152 738 206 776 sin
225 748 300 789 que
323 733 433 772 nadie
454 743 512 769 me
532 730 567 767 lo
586 726 744 778 impida,

153 790 173 828 á
199 794 347 828 vuestra
363 785 474 823 noble
490 794 663 835 persona:

155 855 202 893 yo
219 849 394 881 entonces
417 850 475 875 rae
495 834 615 887 quedé
631 831 752 878 elado,

155 895 289 934 viendo
305 898 409 932 entre
433 900 560 928 manos
578 888 613 925 la
630 898 730 929 cosa,

157 960 225 987 con
244 958 321 985 mas
344 943 482 989 miedo,
505 952 577 991 que
605 939 830 991 vergüenza,

157 1001 191 1040 le
211 1000 283 1051 dije
303 1010 372 1037 con
390 997 422 1035 la
442 1006 510 1034 voz
530 1005 659 1041 ronca,

159 1054 252 1092 cada
272 1051 354 1090 cual
373 1049 392 1087 á
413 1061 456 1086 su
486 1047 654 1098 negocio,

160 1108 188 1145 si
211 1118 258 1143 no
278 1105 407 1155 quiere
428 1108 510 1140 usté
530 1110 719 1137 camorra:

161 1154 357 1209 respondió
379 1166 463 1205 muy
481 1151 695 1199 mesurado,

162 1210 343 1249 haciendo
359 1207 393 1245 la
410 1217 627 1251 socarrona,

163 1274 300 1314 vayase
321 1272 405 1310 muy
423 1257 613 1297 noramala

164 1316 198 1355 el
218 1328 260 1354 so
280 1321 386 1365 patas
407 1313 452 1350 de
472 1310 638 1362 pistolas,

165 1381 239 1421 que
258 1369 288 1405 si
308 1367 342 1404 le
362 1365 433 1413 doy
458 1377 505 1403 un
521 1373 679 1413 sopapo,

163 1421 211 1460 ha
232 1421 278 1459 de
297 1421 327 1457 ir
343 1417 365 1456 á
383 1416 527 1456 Teluan
549 1428 617 1469 por
640 1413 787 1460 Monas,

167 1475 276 1526 quien
298 1472 332 1510 le
352 1477 451 1508 mete
465 1469 487 1507 á
509 1467 543 1507 él
562 1480 605 1506 so
637 1467 809 1519 canique,

166 1539 235 1566 con
256 1535 341 1564 esas
361 1522 499 1561 barbas
518 1521 564 1560 de
584 1519 712 1567 Mona,

167 1592 255 1618 cara
275 1578 321 1616 de
337 1581 489 1614 caranla
507 1572 644 1620 maula,

168 1632 314 1670 narices
334 1629 379 1666 de
399 1628 559 1678 paviota,

169 1696 215 1722 en
234 1681 396 1734 guardar
418 1680 556 1718 Damas
576 1678 624 1716 de
650 1673 785 1715 Corte?

168 1735 266 1776 Mire
286 1733 407 1781 usted,
434 1743 509 1784 que
528 1730 618 1781 cosí,
642 1742 663 1781 y
684 1740 787 1776 cosa,

170 1802 244 1841 que
262 1788 292 1826 si
313 1788 347 1826 le
368 1797 502 1837 agarro
525 1796 570 1822 en
592 1782 659 1821 mis
689 1792 817 1821 manos

171 1843 206 1881 le
223 1841 268 1880 he
288 1840 335 1878 de
354 1834 468 1876 echar
489 1847 598 1875 como
617 1833 755 1885 pelota.

172 1894 231 1934 Yo
253 1891 445 1932 viendome
466 1902 511 1927 en
531 1889 637 1927 lance
656 1886 721 1934 tal,

173 1949 208 1988 le
223 1947 309 1997 dije,
333 1945 378 1982 de
394 1948 545 1995 aquesta
568 1944 700 1986 forma,

173 2012 268 2051 vaya
288 1998 322 2037 el
342 2009 427 2048 muy
449 1991 760 2045 desvergonzado,

176 2064 250 2106 que
268 2064 308 2090 es
323 2062 372 2088 un
393 2048 520 2099 picaro
540 2048 594 2085 sin
615 2045 746 2083 honra:

174 2107 228 2145 asi
247 2116 321 2156 que
338 2101 412 2154 oyó
432 2108 529 2140 estas
550 2109 716 2143 razones,

175 2172 236 2199 me
255 2152 440 2196 embistió,
463 2164 571 2194 como
595 2163 668 2190 una
701 2148 820 2196 Onza,

179 2226 199 2265 y
222 2210 244 2251 á
265 2210 382 2262 palos,
401 2221 421 2260 y
439 2205 461 2246 á
482 2211 594 2259 punta
616 2205 706 2257 pies,

870 298 955 352 bajé
976 311 1046 339 con
1067 295 1207 350 grande
1226 293 1386 333 zozobra

870 366 940 405 por
960 354 994 391 el
1013 350 1242 405 genchidero
1259 346 1386 397 abajo,

874 419 933 444 me
951 405 1096 445 llevaba
1116 403 1162 441 de
1176 401 1228 440 tal
1247 403 1382 444 forma,

873 472 947 510 que
957 456 1132 509 huyendo
1150 467 1219 506 por
1234 454 1288 491 los
1309 448 1523 489 Pelambres

873 526 895 563 y
920 510 954 550 él
969 512 1093 550 detras
1114 508 1297 546 dándome
1317 515 1409 555 soga

874 563 931 602 caí
952 576 997 603 en
1023 576 1072 601 un
1087 572 1181 613 pozo
1200 560 1246 598 de
1266 556 1448 607 aquellos;

876 616 911 655 él
927 629 966 656 se
986 612 1139 666 escapó,
1154 624 1261 652 como
1280 609 1427 655 Mosca,

875 682 899 721 y
916 670 1039 707 dando
1059 680 1131 705 una
1152 664 1330 709 risotada,

876 722 964 772 dijo:
989 720 1082 760 Dios
1092 727 1130 758 te
1145 718 1192 757 de
1205 730 1248 755 su
1268 713 1413 754 Gloria.

876 773 936 812 Yo
952 786 1011 813 me
1031 784 1124 824 puse
1142 767 1391 814 chorreando,

878 827 994 866 todito
1014 824 1134 865 hecho
1145 836 1216 861 una
1236 832 1343 871 sopa,

879 892 927 917 no
956 893 1018 919 era
1040 885 1120 918 esto
1139 876 1175 914 lo
1196 886 1301 926 peor,

884 933 963 971 sino
982 944 1055 984 que
1083 930 1117 969 el
1135 940 1227 980 agua
1247 923 1325 965 está
1353 922 1490 970 honda,

885 997 907 1036 y
928 997 976 1037 yo
996 997 1043 1023 no
1064 980 1264 1022 alcanzaba
1285 977 1408 1016 arriba

887 1036 908 1075 á
924 1048 1138 1090 agarrarme
1161 1034 1207 1071 de
1226 1032 1260 1070 la
1280 1031 1391 1077 boca,

887 1101 1035 1142 conque
1054 1088 1142 1128 todo
1161 1098 1224 1124 era
1248 1086 1397 1125 arañar,

887 1155 909 1192 y
930 1150 1060 1193 gatear
1084 1151 1192 1180 como
1212 1149 1336 1175 mona:

889 1208 934 1233 en
956 1195 1020 1243 (iu,
1044 1207 1091 1246 yo
1119 1205 1164 1244 ya
1184 1191 1244 1230 iba
1268 1185 1463 1234 subiendo,

890 1260 911 1297 y
927 1248 960 1286 al
977 1248 1091 1288 echar
1111 1256 1220 1284 mano
1234 1241 1254 1280 á
1273 1241 1309 1280 la
1329 1241 1422 1278 boca

892 1311 951 1337 me
971 1299 1126 1346 escurrí,
1150 1311 1172 1349 y
1193 1293 1249 1335 caí
1264 1293 1310 1332 de
1329 1291 1499 1344 espaldas

893 1359 973 1391 otra
995 1365 1062 1392 vez
1081 1350 1192 1390 sobre
1209 1349 1244 1386 la
1264 1346 1391 1391 broza,

894 1416 953 1443 me
972 1401 1187 1444 encaniculé
1206 1400 1336 1447 todito,

893 1458 990 1507 pelo,
1009 1457 1141 1504 barba,
1164 1468 1185 1506 y
1207 1452 1228 1491 á
1248 1465 1296 1490 un
1318 1453 1351 1489 la
1370 1449 1481 1488 boca:

893 1511 940 1549 de
955 1523 1062 1549 veras
1082 1507 1250 1548 clamaba
1270 1510 1292 1543 á
1312 1503 1418 1550 Dios,

894 1574 967 1613 que
986 1563 1021 1602 el
1041 1569 1239 1611 estoraque
1258 1569 1318 1596 me
1337 1554 1470 1606 ahoga,

893 1616 978 1654 vino
990 1628 1037 1654 un
1045 1614 1292 1663 hombre,que
1301 1607 1416 1648 fuéun
1426 1605 1548 1658 Angel

894 1679 954 1706 me
974 1666 1062 1707 sacó
1083 1678 1151 1706 con
1170 1677 1240 1703 una
1262 1674 1366 1712 soga,

893 1733 943 1772 yo
957 1720 993 1760 le
1012 1721 1048 1758 di
1068 1724 1198 1758 cuatro
1218 1715 1278 1755 mil
1290 1713 1448 1765 gracias,

894 1785 955 1812 me
974 1773 1063 1824 dijo,
1081 1784 1175 1823 vaya
1198 1769 1304 1807 usted
1319 1766 1434 1805 ahora

894 1826 917 1864 á
937 1838 979 1864 su
999 1837 1087 1863 casa
1107 1823 1129 1862 á
1144 1821 1384 1866 desnudarse,

895 1879 1021 1918 lávese
1041 1877 1126 1916 bien
1146 1888 1208 1915 esa
1228 1885 1335 1924 ropa;

895 1931 1024 1970 llenito
1045 1930 1132 1969 todo
1151 1929 1197 1967 de
1213 1926 1334 1974 caldo,

942 1982 1172 2023 chorreando
1192 1981 1226 2020 la
1243 1977 1411 2030 esponja,

896 2037 947 2075 e
963 2036 1105 2088 llegado
1126 2035 1229 2073 hasta
1246 2032 1294 2070 mi
1315 2029 1423 2077 Casa,

901 2090 1060 2141 dejando
1081 2093 1215 2133 rastro,
1238 2098 1259 2137 y
1276 2083 1296 2123 á
1315 2096 1363 2122 un
1388 2093 1492 2133 soga.

900 2141 990 2181 Esta
1009 2154 1050 2181 es
1071 2141 1119 2179 mi
1134 2138 1297 2184 historia,
1321 2134 1496 2182 Señores,

899 2195 1078 2243 Señoras,
1095 2200 1174 2233 esta
1188 2204 1228 2232 es
1247 2190 1296 2231 mi
1311 2187 1476 2235 historia,
