1648 2404
125 226 200 263 Una
220 235 352 263 corona
381 227 415 264 le
437 231 556 265 trazan

125 285 194 311 con
217 279 360 312 setenta
389 287 407 323 y
431 276 498 313 dos
517 276 677 323 espinas,

123 324 362 369 traspasando
390 335 431 361 su
453 326 603 362 cerebro

121 372 286 418 aquellas
308 376 440 418 puntas
457 374 647 420 malignas.

121 421 318 456 Amarrado
338 422 356 456 á
374 432 442 457 una
458 421 624 458 columna

120 468 156 504 el
176 479 247 514 que
265 479 305 504 es
331 469 362 504 la
393 470 578 506 inocencia
602 470 743 513 misma,

121 517 196 553 seis
212 516 392 563 verdugos
406 519 439 553 lo
456 523 625 556 azotaron

119 575 187 600 con
209 565 307 611 rigor
322 577 339 610 y
359 566 499 602 tiranía.

118 613 193 648 Con
209 614 364 649 ramales
378 624 394 660 y
414 624 480 649 con
501 625 619 657 varas,

117 661 267 707 garfios,
291 662 448 698 cadenas
478 663 620 709 impías,

117 708 223 745 cinco
245 710 306 745 mil
325 710 453 756 golpes
480 712 513 747 le
530 712 670 753 dieron,

117 767 188 803 que
208 757 263 794 los
285 759 421 795 huesos
443 771 482 795 se
502 761 619 797 veian.

115 805 318 843 Lastimóse
339 807 383 842 de
405 808 435 843 él
461 808 586 849 Pilato,

115 863 136 899 y
155 864 219 899 por
234 865 297 890 ver
320 855 351 890 si
375 856 428 891 les
449 857 564 892 movia

114 902 136 937 á
154 912 202 937 un
222 902 350 939 balcón
365 903 420 938 asi
436 904 467 939 le
485 915 619 946 asoma,

111 960 135 995 y
157 950 228 986 Ese
248 952 362 987 Homo
380 951 435 987 les
452 953 570 994 decía,

114 998 224 1035 tened
239 999 369 1044 piedad
390 1000 434 1034 de
453 1005 531 1036 este
551 1001 716 1038 hombre.

112 1045 143 1082 Y
161 1047 196 1082 el
212 1047 261 1082 vil
278 1048 412 1093 pueblo
428 1047 449 1082 á
464 1059 533 1084 una
547 1059 612 1084 voz
633 1050 739 1095 grita:

112 1094 334 1134 crucifícale,
357 1096 376 1130 á
400 1096 470 1142 qué
500 1098 693 1143 aguardas?

112 1141 184 1178 Por
214 1142 376 1183 librarle,
398 1146 570 1190 proponía

111 1190 218 1227 debía
239 1192 351 1228 soltar
380 1192 398 1228 á
420 1204 465 1228 un
488 1203 593 1238 preso

112 1249 179 1284 por
196 1240 229 1275 la
253 1240 400 1282 Pascua,
431 1252 449 1287 y
467 1242 499 1278 le
521 1242 665 1288 pedian,

113 1297 185 1333 que
203 1289 221 1323 á
242 1289 421 1325 Barrabas
436 1290 491 1326 les
516 1291 666 1331 soltase,

111 1346 131 1381 y
152 1346 222 1382 que
248 1336 281 1372 si
314 1337 368 1372 asi
391 1348 436 1373 no
459 1339 491 1374 lo
513 1338 615 1374 hacia

110 1394 171 1420 era
192 1386 361 1430 enemigo
389 1386 446 1422 del
468 1387 589 1422 César.

111 1431 250 1469 Viendo
268 1434 315 1469 tal
333 1436 460 1470 mortal
477 1434 637 1475 envidia,

109 1480 256 1517 lavadas
278 1486 381 1517 antes
396 1494 459 1519 sus
489 1494 615 1519 manos

110 1533 187 1565 esta
210 1531 309 1565 cruel
330 1532 515 1567 sentencia
547 1532 661 1571 firma;

110 1588 181 1624 que
194 1587 237 1612 en
251 1589 320 1614 una
331 1579 422 1615 Cruz
439 1590 559 1615 muera
580 1580 709 1615 Cristo.

107 1627 138 1662 A
157 1629 303 1662 cuestas
332 1638 371 1663 se
392 1629 425 1663 la
448 1627 590 1673 ponían,

108 1685 129 1720 y
145 1675 377 1712 moviéndole
396 1676 416 1711 á
445 1676 686 1721 empellones,

107 1724 126 1759 á
150 1732 264 1768 pocos
292 1734 399 1769 pasos
427 1724 515 1760 caía.

106 1771 179 1807 Los
209 1781 433 1817 pregoneros
459 1773 660 1813 clamaban,

106 1829 129 1866 y
156 1830 220 1855 sus
256 1820 436 1856 clamores
469 1820 611 1856 decian:

106 1877 149 1913 ya
169 1868 274 1904 viene
295 1869 328 1904 el
350 1879 454 1905 sacro
480 1869 637 1905 Cordero

106 1915 125 1951 á
143 1916 281 1953 ofrecer
302 1922 442 1953 muerte
459 1927 521 1962 por
542 1917 638 1953 vida.

106 1964 200 2010 Cayó
223 1975 268 2001 en
290 1966 397 2002 tierra
417 1976 480 2011 por
494 1969 567 2002 tres
588 1976 709 2007 veces,

106 2023 126 2058 y
144 2024 213 2048 una
243 2024 370 2059 muger
385 2015 591 2058 compasiva

107 2071 175 2096 con
196 2061 228 2096 la
253 2066 334 2098 toca
355 2073 425 2108 que
449 2063 586 2098 llevaba

106 2119 149 2144 su
171 2112 289 2145 rostro
311 2111 464 2156 sagrado
497 2111 634 2156 limpia.

105 2157 218 2203 Llegó
238 2157 351 2194 Cristo
371 2159 454 2206 (qué
476 2159 605 2206 dolor!)

105 2206 140 2241 al
166 2206 327 2244 Calvario
349 2207 433 2254 (qué
449 2207 584 2255 fatiga!)

850 235 969 272 donde
991 238 1045 274 los
1067 238 1196 275 crudos
1218 247 1371 284 sayones

849 283 901 319 las
937 287 1143 322 vestiduras
1164 286 1196 321 le
1217 287 1356 331 quitan.

847 330 1010 369 Tienden
1028 335 1060 370 la
1082 344 1166 371 cruz
1182 345 1225 370 en
1251 336 1283 371 el
1306 335 1425 378 suelo,

846 390 866 425 y
888 383 963 416 tres
985 383 1158 418 barrenos
1182 383 1215 418 le
1243 383 1327 429 fijan

845 428 1068 465 enclavando
1089 440 1130 466 su
1153 440 1306 475 persona

845 485 912 511 con
936 480 1009 513 tres
1026 479 1148 515 clavos
1172 478 1256 524 (qué
1270 479 1424 526 agonía!)

844 523 892 559 Le
914 525 1124 563 levantaron
1147 538 1189 563 en
1212 527 1298 566 alto,

844 583 863 617 y
880 575 1019 610 cuando
1042 575 1188 611 ansioso
1207 575 1323 615 dccia;

843 624 947 656 tener
960 623 1037 663 sed,
1053 634 1121 659 aun
1142 634 1207 669 por
1229 634 1304 659 mas
1319 633 1446 668 penas,

845 667 918 704 hiel
953 680 971 715 y
1009 671 1156 716 vinagre
1186 672 1219 707 le
1241 670 1397 717 aplican.

841 716 913 752 Dos
929 717 1097 756 ladrones
1111 720 1142 756 le
1159 723 1396 764 acompañan,

841 775 858 810 y
881 765 913 800 el
934 767 1074 811 paraíso
1091 769 1225 804 ofrecia

842 813 875 847 al
897 824 966 859 que
982 816 1078 860 pidió
1090 826 1129 852 se
1151 816 1324 853 acordaso

842 862 982 898 cuando
1004 874 1049 899 en
1075 874 1119 900 su
1145 865 1246 899 reino
1272 865 1420 902 estaría.

840 909 893 944 En
914 910 966 944 las
982 921 1108 947 manos
1129 912 1173 947 de
1194 923 1236 947 su
1258 912 1370 949 Padre

839 957 956 993 Cristo
984 970 1025 995 su
1048 960 1208 1006 Espíritu
1228 961 1345 1002 envía;

841 1005 954 1052 luega
971 1007 1106 1043 inclinó
1134 1008 1166 1043 la
1201 1007 1346 1051 cabeza,

840 1063 885 1089 en
907 1056 1009 1090 señal
1030 1056 1074 1091 de
1104 1066 1173 1102 que
1194 1057 1320 1099 moria;

841 1105 952 1146 peñas
971 1114 989 1148 y
1008 1114 1077 1139 aun
1093 1108 1237 1140 montes
1252 1104 1290 1140 sé
1308 1109 1453 1150 parten,

841 1150 874 1185 el
902 1150 959 1185 sol
977 1162 994 1196 y
1016 1152 1098 1187 luna
1122 1162 1162 1188 se
1195 1152 1370 1197 eclipsan.

839 1197 926 1233 Para
944 1209 1020 1235 mas
1042 1200 1134 1236 mofa
1157 1204 1325 1246 trageron

839 1247 857 1281 á
878 1246 1076 1293 Longínos,
1109 1258 1178 1295 que
1200 1258 1247 1283 no
1276 1250 1367 1292 veia,

840 1305 858 1340 y
870 1295 1023 1332 dándole
1046 1307 1112 1331 una
1134 1296 1293 1337 lanzada,

836 1342 870 1378 el
887 1353 1037 1380 corazón
1055 1344 1088 1379 le
1106 1345 1233 1390 partía;

836 1390 880 1426 de
908 1391 940 1426 él
977 1392 1066 1427 salió
1085 1403 1216 1438 sangro
1238 1403 1254 1438 y
1276 1402 1366 1439 agua

836 1449 902 1474 con
935 1450 1003 1485 que
1032 1441 1183 1476 recobró
1204 1439 1236 1477 la
1258 1443 1362 1482 vista;

836 1498 854 1531 y
884 1489 1149 1525 reconociendo
1171 1488 1203 1525 el
1222 1499 1339 1534 yerro,

836 1536 998 1571 llorando
1014 1538 1046 1572 el
1065 1538 1200 1582 perdón
1222 1538 1339 1583 pedia.

836 1584 877 1618 El
900 1594 1034 1629 cuerpo
1065 1585 1159 1630 pidió
1177 1586 1196 1620 á
1214 1585 1340 1627 Pilalo,

836 1630 922 1667 José
940 1633 1173 1672 Abarimatia,

836 1679 1057 1716 Nicodemus
1076 1692 1092 1726 y
1112 1680 1145 1717 él
1164 1681 1198 1717 lo
1215 1682 1337 1729 bajan,

836 1738 854 1773 y
873 1728 1001 1764 tristes
1019 1729 1054 1764 lo
1076 1729 1265 1776 depositan

834 1786 879 1812 en
907 1777 961 1812 los
989 1778 1116 1814 brazos
1142 1779 1186 1814 de
1205 1789 1247 1814 su
1277 1779 1410 1823 Madre,

835 1834 904 1870 que
917 1826 1041 1861 estaba
1061 1827 1135 1862 casi
1147 1827 1203 1862 sin
1217 1826 1312 1870 vida;

837 1873 921 1908 todo
951 1873 985 1909 lo
1012 1873 1212 1911 insensible
1243 1876 1362 1912 siente

835 1921 966 1957 viendo
980 1922 1087 1958 llorar
1102 1925 1119 1960 á
1142 1923 1261 1959 María.

832 1970 860 2005 A
879 1970 909 2005 la
931 1970 1031 2006 tarde
1053 1971 1086 2006 lo
1108 1977 1333 2012 enterraron,

833 2028 853 2063 y
875 2018 907 2053 el
920 2018 1089 2064 domingo
1116 2020 1285 2060 resusita,

833 2076 916 2110 para
938 2067 1083 2103 subirse
1104 2068 1122 2104 á
1134 2068 1164 2104 la
1178 2068 1309 2114 gloria,

831 2114 863 2150 la
892 2115 971 2150 cual
996 2116 1090 2151 tiene
1111 2116 1311 2163 prometida

830 2163 848 2197 á
873 2163 980 2208 quien
999 2175 1040 2199 su
1063 2164 1118 2211 ley
1141 2177 1158 2211 y
1188 2168 1382 2211 preceptos

829 2211 1023 2249 observase
1045 2223 1090 2249 en
1114 2218 1191 2250 esta
1213 2214 1307 2250 vida.

111 2301 497 2346 CARMONA;—1856.
520 2303 610 2352 Imp.
634 2304 679 2342 de
700 2304 743 2341 D.
765 2304 797 2341 J.
821 2306 865 2344 M.
890 2307 933 2345 M.
946 2309 1038 2347 calle
1053 2310 1144 2347 Juan
1160 2309 1205 2348 de
1226 2309 1259 2348 la
1273 2310 1384 2347 Cabra
1401 2320 1438 2351 n.
