<?xml version="1.0" encoding="UTF-8" standalone="yes"?>
<PcGts xmlns="http://schema.primaresearch.org/PAGE/gts/pagecontent/2013-07-15" xmlns:xsi="http://www.w3.org/2001/XMLSchema-instance" xsi:schemaLocation="http://schema.primaresearch.org/PAGE/gts/pagecontent/2013-07-15 http://schema.primaresearch.org/PAGE/gts/pagecontent/2013-07-15/pagecontent.xsd">
    <Metadata>
        <Creator>prov=University of Rostock/Institute of Mathematics/CITlab|PLANET AI GmbH/Gundram Leifert/gundram.leifert@planet-ai.de:name=Pliegos de Cordel (XIXe) - v3(htr_id=26984)::::v=2.6.7
prov=University of Rostock/Institute of Mathematics/CITlab|PLANET AI GmbH/Tobias Gruening/tobias.gruening@planet-ai.de:name=de.uros.citlab.module.baseline2polygon.B2PSeamMultiOriented:v=2.6.7
prov=University of Rostock/Institute of Mathematics/CITlab|PLANET AI GmbH/Tobias Gruening/tobias.gruening@planet-ai.de:name=/net_tf/LA73_249_0mod360.pb:de.uros.citlab.segmentation.CITlab_LA_ML:v=2.6.7
Transkribus</Creator>
        <Created>2020-10-27T11:06:48.281+01:00</Created>
        <LastChange>2020-10-28T13:22:42.752+01:00</LastChange>
        <TranskribusMetadata docId="525373" pageId="22318036" pageNr="1" tsid="46966659" status="GT" userId="66244" imgUrl="https://files.transkribus.eu/Get?id=JUYCDYWIBIKRPDYMIIAFTKCO&amp;fileType=view" xmlUrl="https://files.transkribus.eu/Get?id=NIGHQVIHLOYPWJZIIQMKPLJK" imageId="17387551"/>
    </Metadata>
    <Page imageFilename="0001_Moreno_121_1.jpg" imageWidth="1737" imageHeight="2508">
        <ReadingOrder>
            <OrderedGroup id="ro_1646650777163" caption="Regions reading order">
                <RegionRefIndexed index="0" regionRef="r1"/>
            </OrderedGroup>
        </ReadingOrder>
        <TextRegion orientation="0.0" id="r1" custom="readingOrder {index:0;}">
            <Coords points="173,235 173,2184 1618,2184 1618,235"/>
            <TextLine id="r1l1" custom="readingOrder {index:0;}">
                <Coords points="1201,279 1228,280 1256,281 1284,281 1312,281 1339,280 1367,280 1395,279 1423,278 1423,235 1395,236 1367,237 1339,237 1312,238 1284,238 1256,238 1228,237 1201,236"/>
                <Baseline points="1201,265 1228,266 1256,267 1284,267 1312,267 1339,266 1367,266 1395,265 1423,264"/>
                <TextEquiv>
                    <Unicode>Núm. 130.</Unicode>
                </TextEquiv>
            </TextLine>
            <TextLine id="r1l2" custom="readingOrder {index:1;}">
                <Coords points="173,448 243,446 313,444 384,442 454,440 525,438 595,436 665,434 736,432 806,431 877,429 947,428 1017,426 1088,425 1158,424 1229,423 1299,422 1369,421 1440,421 1510,421 1581,421 1581,378 1510,378 1440,378 1369,378 1299,379 1229,380 1158,381 1088,382 1017,383 947,385 877,386 806,388 736,389 665,391 595,393 525,395 454,397 384,399 313,401 243,403 173,405"/>
                <Baseline points="173,434 243,432 313,430 384,428 454,426 525,424 595,422 665,420 736,418 806,417 877,415 947,414 1017,412 1088,411 1158,410 1229,409 1299,408 1369,407 1440,407 1510,407 1581,407"/>
                <TextEquiv>
                    <Unicode>EL HIJO DEL BERDUGO. </Unicode>
                </TextEquiv>
            </TextLine>
            <TextLine id="r1l3" custom="readingOrder {index:2;}">
                <Coords points="232,1539 300,1541 369,1542 437,1543 506,1544 574,1544 643,1544 711,1543 780,1543 848,1542 917,1541 985,1540 1054,1539 1122,1538 1191,1537 1259,1536 1328,1535 1396,1535 1465,1535 1533,1535 1602,1535 1602,1501 1533,1501 1465,1501 1396,1501 1328,1501 1259,1502 1191,1503 1122,1504 1054,1505 985,1506 917,1507 848,1508 780,1509 711,1509 643,1510 574,1510 506,1510 437,1509 369,1508 300,1507 232,1505"/>
                <Baseline points="232,1528 300,1530 369,1531 437,1532 506,1533 574,1533 643,1533 711,1532 780,1532 848,1531 917,1530 985,1529 1054,1528 1122,1527 1191,1526 1259,1525 1328,1524 1396,1524 1465,1524 1533,1524 1602,1524"/>
                <TextEquiv>
                    <Unicode>NUEVA RELACION, EN LA QUE SE REFIEREN LOS MAS RAROS</Unicode>
                </TextEquiv>
            </TextLine>
            <TextLine id="r1l4" custom="readingOrder {index:3;}">
                <Coords points="210,1593 280,1593 350,1593 421,1593 491,1593 562,1592 632,1592 702,1591 773,1590 843,1590 914,1589 984,1588 1054,1588 1125,1587 1195,1586 1266,1586 1336,1586 1406,1585 1477,1585 1547,1585 1618,1585 1618,1551 1547,1551 1477,1551 1406,1551 1336,1552 1266,1552 1195,1552 1125,1553 1054,1554 984,1554 914,1555 843,1556 773,1556 702,1557 632,1558 562,1558 491,1559 421,1559 350,1559 280,1559 210,1559"/>
                <Baseline points="210,1582 280,1582 350,1582 421,1582 491,1582 562,1581 632,1581 702,1580 773,1579 843,1579 914,1578 984,1577 1054,1577 1125,1576 1195,1575 1266,1575 1336,1575 1406,1574 1477,1574 1547,1574 1618,1574"/>
                <TextEquiv>
                    <Unicode>sucesos de este mancebo, natural de la Ciudad de Córdoba, el cual se</Unicode>
                </TextEquiv>
            </TextLine>
            <TextLine id="r1l5" custom="readingOrder {index:4;}">
                <Coords points="498,1644 540,1644 582,1643 625,1643 667,1642 710,1641 752,1641 795,1640 837,1640 880,1640 922,1639 964,1639 1007,1638 1049,1638 1092,1637 1134,1637 1177,1636 1219,1636 1262,1636 1304,1636 1347,1635 1347,1599 1304,1600 1262,1600 1219,1600 1177,1600 1134,1601 1092,1601 1049,1602 1007,1602 964,1603 922,1603 880,1604 837,1604 795,1604 752,1605 710,1605 667,1606 625,1607 582,1607 540,1608 498,1608"/>
                <Baseline points="498,1632 540,1632 582,1631 625,1631 667,1630 710,1629 752,1629 795,1628 837,1628 880,1628 922,1627 964,1627 1007,1626 1049,1626 1092,1625 1134,1625 1177,1624 1219,1624 1262,1624 1304,1624 1347,1623"/>
                <TextEquiv>
                    <Unicode>pasó á las Indias y logró grandes fortunas.</Unicode>
                </TextEquiv>
            </TextLine>
            <TextLine id="r1l7" custom="readingOrder {index:5;}">
                <Coords points="723,1791 748,1791 774,1792 800,1792 826,1791 852,1791 877,1791 903,1791 929,1790 955,1790 981,1790 1006,1790 1032,1789 1058,1789 1084,1789 1110,1789 1110,1746 1084,1746 1058,1746 1032,1746 1006,1747 981,1747 955,1747 929,1747 903,1748 877,1748 852,1748 826,1748 800,1749 774,1749 748,1748 723,1748"/>
                <Baseline points="723,1777 748,1777 774,1778 800,1778 826,1777 852,1777 877,1777 903,1777 929,1776 955,1776 981,1776 1006,1776 1032,1775 1058,1775 1084,1775 1110,1775"/>
                <TextEquiv>
                    <Unicode>PRIMERA PARTE.</Unicode>
                </TextEquiv>
            </TextLine>
            <TextLine id="r1l9" custom="readingOrder {index:6;}">
                <Coords points="256,1884 283,1886 310,1887 337,1887 364,1888 392,1888 419,1888 446,1888 473,1888 500,1888 528,1888 555,1888 582,1888 609,1887 636,1887 664,1887 691,1888 718,1888 745,1888 772,1889 800,1890 800,1854 772,1853 745,1852 718,1852 691,1852 664,1851 636,1851 609,1851 582,1852 555,1852 528,1852 500,1852 473,1852 446,1852 419,1852 392,1852 364,1852 337,1851 310,1851 283,1850 256,1848"/>
                <Baseline points="256,1872 283,1874 310,1875 337,1875 364,1876 392,1876 419,1876 446,1876 473,1876 500,1876 528,1876 555,1876 582,1876 609,1875 636,1875 664,1875 691,1876 718,1876 745,1876 772,1877 800,1878"/>
                <TextEquiv>
                    <Unicode>Noble y discreto auditorio,</Unicode>
                </TextEquiv>
            </TextLine>
            <TextLine id="r1l11" custom="readingOrder {index:7;}">
                <Coords points="223,1936 248,1936 273,1937 298,1937 323,1937 349,1937 374,1937 399,1937 424,1937 449,1937 475,1936 500,1936 525,1936 550,1936 575,1936 601,1936 626,1936 651,1936 676,1936 701,1936 727,1936 727,1902 701,1902 676,1902 651,1902 626,1902 601,1902 575,1902 550,1902 525,1902 500,1902 475,1902 449,1903 424,1903 399,1903 374,1903 349,1903 323,1903 298,1903 273,1903 248,1902 223,1902"/>
                <Baseline points="223,1925 248,1925 273,1926 298,1926 323,1926 349,1926 374,1926 399,1926 424,1926 449,1926 475,1925 500,1925 525,1925 550,1925 575,1925 601,1925 626,1925 651,1925 676,1925 701,1925 727,1925"/>
                <TextEquiv>
                    <Unicode>suplico no me haga falta,</Unicode>
                </TextEquiv>
            </TextLine>
            <TextLine id="r1l13" custom="readingOrder {index:8;}">
                <Coords points="225,1984 255,1984 285,1985 316,1985 346,1985 377,1985 407,1985 438,1985 468,1985 499,1985 529,1984 559,1984 590,1984 620,1984 651,1983 681,1983 712,1983 742,1983 773,1983 803,1983 834,1983 834,1949 803,1949 773,1949 742,1949 712,1949 681,1949 651,1949 620,1950 590,1950 559,1950 529,1950 499,1951 468,1951 438,1951 407,1951 377,1951 346,1951 316,1951 285,1951 255,1950 225,1950"/>
                <Baseline points="225,1973 255,1973 285,1974 316,1974 346,1974 377,1974 407,1974 438,1974 468,1974 499,1974 529,1973 559,1973 590,1973 620,1973 651,1972 681,1972 712,1972 742,1972 773,1972 803,1972 834,1972"/>
                <TextEquiv>
                    <Unicode>que á contar voy una historia</Unicode>
                </TextEquiv>
            </TextLine>
            <TextLine id="r1l15" custom="readingOrder {index:9;}">
                <Coords points="219,2032 245,2032 272,2032 299,2033 326,2033 352,2033 379,2033 406,2033 433,2033 459,2034 486,2034 513,2034 540,2034 566,2034 593,2034 620,2033 647,2033 673,2033 700,2033 727,2033 754,2032 754,1998 727,1999 700,1999 673,1999 647,1999 620,1999 593,2000 566,2000 540,2000 513,2000 486,2000 459,2000 433,1999 406,1999 379,1999 352,1999 326,1999 299,1999 272,1998 245,1998 219,1998"/>
                <Baseline points="219,2021 245,2021 272,2021 299,2022 326,2022 352,2022 379,2022 406,2022 433,2022 459,2023 486,2023 513,2023 540,2023 566,2023 593,2023 620,2022 647,2022 673,2022 700,2022 727,2022 754,2021"/>
                <TextEquiv>
                    <Unicode>que ha sucedido en España</Unicode>
                </TextEquiv>
            </TextLine>
            <TextLine id="r1l17" custom="readingOrder {index:10;}">
                <Coords points="220,2080 245,2081 271,2081 297,2081 323,2082 348,2082 374,2082 400,2082 426,2082 451,2083 477,2083 503,2083 529,2083 554,2083 580,2083 606,2083 632,2082 658,2082 658,2048 632,2048 606,2049 580,2049 554,2049 529,2049 503,2049 477,2049 451,2049 426,2048 400,2048 374,2048 348,2048 323,2048 297,2047 271,2047 245,2047 220,2046"/>
                <Baseline points="220,2069 245,2070 271,2070 297,2070 323,2071 348,2071 374,2071 400,2071 426,2071 451,2072 477,2072 503,2072 529,2072 554,2072 580,2072 606,2072 632,2071 658,2071"/>
                <TextEquiv>
                    <Unicode>sin fábula ni mentira,</Unicode>
                </TextEquiv>
            </TextLine>
            <TextLine id="r1l19" custom="readingOrder {index:11;}">
                <Coords points="230,2128 262,2129 294,2130 326,2130 358,2131 390,2131 422,2132 455,2132 487,2132 519,2133 551,2133 583,2133 615,2133 647,2133 680,2133 712,2132 744,2132 776,2132 808,2132 840,2131 873,2131 873,2097 840,2097 808,2098 776,2098 744,2098 712,2098 680,2099 647,2099 615,2099 583,2099 551,2099 519,2099 487,2098 455,2098 422,2098 390,2097 358,2097 326,2096 294,2096 262,2095 230,2094"/>
                <Baseline points="230,2117 262,2118 294,2119 326,2119 358,2120 390,2120 422,2121 455,2121 487,2121 519,2122 551,2122 583,2122 615,2122 647,2122 680,2122 712,2121 744,2121 776,2121 808,2121 840,2120 873,2120"/>
                <TextEquiv>
                    <Unicode>de un hombre que su desgracia</Unicode>
                </TextEquiv>
            </TextLine>
            <TextLine id="r1l21" custom="readingOrder {index:12;}">
                <Coords points="225,2180 250,2181 276,2182 302,2182 328,2183 354,2183 380,2184 406,2184 432,2184 457,2184 483,2184 509,2184 535,2183 561,2183 587,2182 613,2181 639,2180 665,2179 665,2145 639,2146 613,2147 587,2148 561,2149 535,2149 509,2150 483,2150 457,2150 432,2150 406,2150 380,2150 354,2149 328,2149 302,2148 276,2148 250,2147 225,2146"/>
                <Baseline points="225,2169 250,2170 276,2171 302,2171 328,2172 354,2172 380,2173 406,2173 432,2173 457,2173 483,2173 509,2173 535,2172 561,2172 587,2171 613,2170 639,2169 665,2168"/>
                <TextEquiv>
                    <Unicode>tuvo solo por ser hijo</Unicode>
                </TextEquiv>
            </TextLine>
            <TextLine id="r1l8" custom="readingOrder {index:13;}">
                <Coords points="949,1884 979,1884 1009,1884 1039,1884 1070,1884 1100,1884 1130,1883 1161,1883 1191,1882 1221,1882 1252,1881 1282,1881 1312,1881 1342,1880 1373,1880 1403,1880 1433,1880 1464,1881 1494,1881 1524,1882 1555,1883 1555,1847 1524,1846 1494,1845 1464,1845 1433,1844 1403,1844 1373,1844 1342,1844 1312,1845 1282,1845 1252,1845 1221,1846 1191,1846 1161,1847 1130,1847 1100,1848 1070,1848 1039,1848 1009,1848 979,1848 949,1848"/>
                <Baseline points="949,1872 979,1872 1009,1872 1039,1872 1070,1872 1100,1872 1130,1871 1161,1871 1191,1870 1221,1870 1252,1869 1282,1869 1312,1869 1342,1868 1373,1868 1403,1868 1433,1868 1464,1869 1494,1869 1524,1870 1555,1871"/>
                <TextEquiv>
                    <Unicode>de un padre de prendas bajas.</Unicode>
                </TextEquiv>
            </TextLine>
            <TextLine id="r1l10" custom="readingOrder {index:14;}">
                <Coords points="943,1932 969,1932 995,1933 1021,1933 1047,1933 1073,1932 1099,1932 1125,1932 1151,1932 1177,1931 1203,1931 1229,1930 1255,1930 1281,1929 1307,1929 1333,1928 1359,1928 1385,1928 1385,1894 1359,1894 1333,1894 1307,1895 1281,1895 1255,1896 1229,1896 1203,1897 1177,1897 1151,1898 1125,1898 1099,1898 1073,1898 1047,1899 1021,1899 995,1899 969,1898 943,1898"/>
                <Baseline points="943,1921 969,1921 995,1922 1021,1922 1047,1922 1073,1921 1099,1921 1125,1921 1151,1921 1177,1920 1203,1920 1229,1919 1255,1919 1281,1918 1307,1918 1333,1917 1359,1917 1385,1917"/>
                <TextEquiv>
                    <Unicode>En Córdoba la famosa</Unicode>
                </TextEquiv>
            </TextLine>
            <TextLine id="r1l12" custom="readingOrder {index:15;}">
                <Coords points="949,1980 974,1980 999,1981 1024,1981 1049,1980 1074,1980 1099,1980 1124,1980 1149,1979 1174,1978 1200,1978 1225,1977 1250,1977 1275,1976 1300,1976 1325,1976 1350,1976 1375,1976 1400,1976 1425,1977 1451,1978 1451,1944 1425,1943 1400,1942 1375,1942 1350,1942 1325,1942 1300,1942 1275,1942 1250,1943 1225,1943 1200,1944 1174,1944 1149,1945 1124,1946 1099,1946 1074,1946 1049,1946 1024,1947 999,1947 974,1946 949,1946"/>
                <Baseline points="949,1969 974,1969 999,1970 1024,1970 1049,1969 1074,1969 1099,1969 1124,1969 1149,1968 1174,1967 1200,1967 1225,1966 1250,1966 1275,1965 1300,1965 1325,1965 1350,1965 1375,1965 1400,1965 1425,1966 1451,1967"/>
                <TextEquiv>
                    <Unicode>nació este gallardo jóven:</Unicode>
                </TextEquiv>
            </TextLine>
            <TextLine id="r1l14" custom="readingOrder {index:16;}">
                <Coords points="951,2027 976,2027 1001,2028 1027,2028 1052,2028 1077,2028 1103,2028 1128,2028 1153,2028 1179,2027 1204,2027 1229,2027 1255,2026 1280,2026 1305,2026 1331,2026 1356,2026 1381,2025 1407,2026 1432,2026 1458,2026 1458,1992 1432,1992 1407,1992 1381,1991 1356,1992 1331,1992 1305,1992 1280,1992 1255,1992 1229,1993 1204,1993 1179,1993 1153,1994 1128,1994 1103,1994 1077,1994 1052,1994 1027,1994 1001,1994 976,1993 951,1993"/>
                <Baseline points="951,2016 976,2016 1001,2017 1027,2017 1052,2017 1077,2017 1103,2017 1128,2017 1153,2017 1179,2016 1204,2016 1229,2016 1255,2015 1280,2015 1305,2015 1331,2015 1356,2015 1381,2014 1407,2015 1432,2015 1458,2015"/>
                <TextEquiv>
                    <Unicode>dióle Dios entendimiento;</Unicode>
                </TextEquiv>
            </TextLine>
            <TextLine id="r1l16" custom="readingOrder {index:17;}">
                <Coords points="957,2078 985,2078 1013,2078 1042,2078 1070,2078 1099,2078 1127,2078 1156,2077 1184,2077 1213,2077 1241,2076 1269,2076 1298,2076 1326,2076 1355,2076 1383,2076 1412,2076 1440,2076 1469,2076 1497,2077 1526,2077 1526,2041 1497,2041 1469,2040 1440,2040 1412,2040 1383,2040 1355,2040 1326,2040 1298,2040 1269,2040 1241,2040 1213,2041 1184,2041 1156,2041 1127,2042 1099,2042 1070,2042 1042,2042 1013,2042 985,2042 957,2042"/>
                <Baseline points="957,2066 985,2066 1013,2066 1042,2066 1070,2066 1099,2066 1127,2066 1156,2065 1184,2065 1213,2065 1241,2064 1269,2064 1298,2064 1326,2064 1355,2064 1383,2064 1412,2064 1440,2064 1469,2064 1497,2065 1526,2065"/>
                <TextEquiv>
                    <Unicode>y tanto que en él se hallaban</Unicode>
                </TextEquiv>
            </TextLine>
            <TextLine id="r1l18" custom="readingOrder {index:18;}">
                <Coords points="960,2128 985,2128 1010,2128 1036,2128 1061,2127 1087,2127 1112,2127 1138,2126 1163,2126 1189,2126 1214,2126 1240,2126 1265,2125 1291,2125 1316,2125 1342,2125 1367,2125 1393,2125 1393,2089 1367,2089 1342,2089 1316,2089 1291,2089 1265,2089 1240,2090 1214,2090 1189,2090 1163,2090 1138,2090 1112,2091 1087,2091 1061,2091 1036,2092 1010,2092 985,2092 960,2092"/>
                <Baseline points="960,2116 985,2116 1010,2116 1036,2116 1061,2115 1087,2115 1112,2115 1138,2114 1163,2114 1189,2114 1214,2114 1240,2114 1265,2113 1291,2113 1316,2113 1342,2113 1367,2113 1393,2113"/>
                <TextEquiv>
                    <Unicode>prendas de naturaleza,</Unicode>
                </TextEquiv>
            </TextLine>
            <TextLine id="r1l20" custom="readingOrder {index:19;}">
                <Coords points="955,2177 980,2177 1005,2178 1030,2178 1055,2178 1081,2178 1106,2178 1131,2178 1156,2178 1181,2177 1207,2177 1232,2177 1257,2176 1282,2176 1307,2176 1333,2176 1358,2176 1383,2176 1408,2176 1433,2176 1459,2177 1459,2141 1433,2140 1408,2140 1383,2140 1358,2140 1333,2140 1307,2140 1282,2140 1257,2140 1232,2141 1207,2141 1181,2141 1156,2142 1131,2142 1106,2142 1081,2142 1055,2142 1030,2142 1005,2142 980,2141 955,2141"/>
                <Baseline points="955,2165 980,2165 1005,2166 1030,2166 1055,2166 1081,2166 1106,2166 1131,2166 1156,2166 1181,2165 1207,2165 1232,2165 1257,2164 1282,2164 1307,2164 1333,2164 1358,2164 1383,2164 1408,2164 1433,2164 1459,2165"/>
                <TextEquiv>
                    <Unicode>sin quitarle á nadie nada,</Unicode>
                </TextEquiv>
            </TextLine>
            <TextEquiv>
                <Unicode>Núm. 130.
EL HIJO DEL BERDUGO. 
NUEVA RELACION, EN LA QUE SE REFIEREN LOS MAS RAROS
sucesos de este mancebo, natural de la Ciudad de Córdoba, el cual se
pasó á las Indias y logró grandes fortunas.
PRIMERA PARTE.
Noble y discreto auditorio,
suplico no me haga falta,
que á contar voy una historia
que ha sucedido en España
sin fábula ni mentira,
de un hombre que su desgracia
tuvo solo por ser hijo
de un padre de prendas bajas.
En Córdoba la famosa
nació este gallardo jóven:
dióle Dios entendimiento;
y tanto que en él se hallaban
prendas de naturaleza,
sin quitarle á nadie nada,</Unicode>
            </TextEquiv>
        </TextRegion>
        <GraphicRegion id="Graphic_1603887687625_4" custom="readingOrder {index:1;}">
            <Coords points="205,476 1625,476 1625,1456 205,1456"/>
        </GraphicRegion>
    </Page>
</PcGts>
