1737 2508
1297 278 1481 330 Núm. 33.
597 1253 1142 1308 CARTA
333 1410 1371 1461 DE PEDRO CHICHON
467 1516 1255 1569 A SU AMIGO PACO GIL.
156 1665 1563 1705 Curiosa sátira en que un amigo le pide á otro su parecer, si debe casarse
155 1709 1558 1750 ó sentar plaza de soldado, manifestando los cuarenta y ocho motivos que
198 1751 1502 1794 tienen los hombres, para casarse, y los treinta y seis para no casarse.
682 1836 1038 1889 PRIMERA PARTE.
202 1922 718 1974 Me alegraré, Paco amigo
161 1971 612 2021 te hayes sin novedad,
157 2019 666 2071 en compaña de Antoñilla
161 2066 556 2120 y tu amigo Nicolás.
297 2113 728 2170 Pongo en tu noticia,
301 2165 721 2220 como yo he pensado
1033 1924 1422 1980 tomarte un consejo
1033 1975 1365 2028 el mas acertado,
1035 2029 1415 2081 para que me digas
1031 2075 1372 2127 tu buen parecer.
1029 2116 1440 2176 si he de ser soldado
1029 2172 1286 2222 ó me casaré.
