1737 2508
1206 173 1329 218 (Num.
1353 171 1400 207 26
1404 172 1426 207 9

192 907 685 995 COPLAS
734 899 1387 989 GLOSADAS

551 1016 604 1049 EN
622 1013 796 1049 DECIMAS
813 1016 836 1047 Y
860 1014 1030 1051 TROVOS,

327 1082 437 1121 MUY
475 1078 750 1120 DISCRETAS
784 1079 815 1116 Y
852 1075 1253 1117 ENTRETENIDAS.

532 1236 571 1267 Si
584 1244 646 1276 por
663 1242 782 1275 querer
800 1243 820 1264 a
836 1235 907 1263 otro
924 1231 1057 1272 quieres

489 1287 553 1320 que
569 1288 609 1320 yo
631 1278 663 1310 la
680 1278 806 1309 muerte
824 1275 949 1313 reciba,

491 1321 611 1362 hágase
632 1324 666 1353 tu
689 1319 864 1357 voluntad,

491 1376 606 1398 muera
623 1374 675 1406 yo,
692 1373 819 1407 porque
833 1366 906 1395 otro
928 1363 1020 1394 viva.

137 1415 281 1452 Ingrata,
301 1411 408 1448 cruel,
427 1410 607 1447 homicida,
862 1407 893 1439 Si
914 1415 966 1438 me
983 1404 1136 1439 matáran
1153 1405 1203 1438 los
1220 1404 1310 1438 celos

93 1460 168 1500 pido
185 1458 212 1487 ni
235 1456 324 1488 Cielo
344 1465 407 1488 con
429 1453 545 1494 enojos

94 1504 224 1534 muerta
247 1504 279 1531 le
300 1507 383 1531 vean
407 1499 470 1530 mis
489 1497 573 1538 ojos,

93 1554 156 1578 con
179 1544 242 1576 seis
261 1542 351 1575 velas
372 1540 590 1577 encendidas;

95 1598 173 1631 pero
192 1597 246 1626 no,
265 1594 328 1627 que
345 1595 419 1619 eres
440 1585 484 1618 mi
505 1584 576 1616 vida

95 1642 111 1674 y
132 1633 241 1663 dueña
259 1630 299 1662 de
321 1629 383 1661 mis
397 1628 551 1663 haberes;

94 1684 187 1716 goza,
211 1682 291 1715 pues
309 1672 347 1705 de
365 1676 417 1705 tus
434 1667 584 1714 placeres

95 1727 157 1752 con
179 1718 208 1750 el
226 1726 290 1757 que
307 1725 379 1748 mas
395 1722 429 1748 te
449 1724 616 1753 merezca,

96 1772 111 1804 y
134 1770 187 1794 sea
204 1770 242 1802 yo
263 1760 293 1792 el
314 1768 378 1801 que
400 1760 540 1801 padezca

96 1808 122 1838 si
144 1814 204 1847 por
220 1812 339 1846 querer
352 1802 373 1834 á
390 1805 462 1834 otro
479 1803 622 1845 quieres.

142 1851 201 1882 l'or
220 1853 254 1880 tu
276 1846 410 1879 infamia
431 1856 445 1888 y
469 1852 503 1879 tu
519 1846 663 1884 maldad,

97 1894 189 1931 falsa,
211 1893 354 1926 alevosa,
375 1890 604 1928 inconstante,

98 1938 113 1969 á
130 1934 309 1979 puñaladas
327 1937 359 1966 tu
379 1938 529 1969 amante,

97 1983 127 2014 el
142 1980 227 2014 alma
243 1981 274 2010 te
289 1986 483 2016 arrancara;

100 2033 180 2067 pero
195 2033 250 2059 no,
265 2030 330 2063 que
348 2030 383 2053 es
399 2021 567 2063 impiedad

99 2078 162 2111 que
185 2071 219 2100 tu
239 2064 355 2099 beldad
377 2066 534 2107 aperciba

100 2114 144 2144 tal
166 2120 248 2153 pena
271 2118 287 2150 y
307 2108 401 2141 dolor
422 2109 547 2148 reciba,

101 2157 172 2188 viva
194 2159 228 2188 tu
248 2154 401 2186 hermosa
420 2153 551 2193 beldad,

103 2211 112 2239 \
137 2208 213 2239 pee-
235 2206 304 2232 mas
321 2205 422 2228 razón
440 2195 513 2228 será

101 2255 160 2284 qu'•
180 2255 217 2283 yo
237 2243 268 2274 la
286 2245 413 2273 muerte
430 2241 553 2273 reciba.

858 1394 1309 1446 Si me matáran los celos
817 1449 977 1482 viéndote
996 1458 1038 1481 en
1060 1458 1185 1491 agenos
1201 1448 1332 1484 brazos,

819 1493 1015 1527 estrechada
1033 1503 1075 1525 en
1093 1497 1184 1524 otros
1203 1492 1301 1529 lazos,

822 1547 867 1570 un
885 1546 963 1577 rayo
976 1536 1069 1577 caiga
1089 1535 1144 1568 del
1160 1535 1261 1569 cielo:

820 1590 891 1615 mas
909 1590 963 1617 no,
987 1589 1052 1622 que
1069 1588 1143 1612 eres
1158 1578 1202 1612 mi
1221 1579 1380 1612 consuelo

822 1634 837 1667 y
855 1628 889 1657 te
907 1624 1008 1657 adoro
1030 1633 1091 1656 con
1106 1622 1243 1660 lealtad;

821 1668 951 1703 cuando
975 1665 1009 1700 tú
1027 1675 1090 1699 con
1108 1665 1289 1708 impiedad,

823 1722 876 1746 me
889 1714 948 1744 das
966 1719 1061 1752 pesar
1082 1713 1136 1742 tan
1153 1709 1291 1750 injusto,

822 1765 895 1790 mas
913 1755 939 1788 si
962 1756 1125 1787 matarme
1143 1763 1178 1786 es
1200 1757 1234 1786 tu
1253 1758 1349 1795 gusto

821 1801 942 1841 hayase
960 1801 996 1831 tu
1014 1797 1190 1830 voluntad.

868 1845 913 1876 En
936 1844 993 1876 fin.
1018 1840 1157 1874 hechizo
1175 1840 1251 1877 leal,

827 1887 959 1922 cuando
973 1885 1081 1927 aspiro
1095 1885 1111 1917 á
1128 1888 1161 1917 tu
1179 1884 1316 1921 desden,

823 1931 865 1965 he
883 1932 923 1964 de
941 1929 1045 1963 morir
1067 1937 1104 1970 yo
1126 1928 1289 1965 también,

824 1974 939 2008 siendo
957 1982 1056 2006 causa
1074 1971 1115 2004 de
1136 1970 1182 2004 mi
1199 1972 1280 2007 mal,

824 2028 939 2052 muera
954 2018 983 2050 al
1001 2017 1056 2049 filo
1075 2015 1117 2048 de
1135 2024 1178 2048 un
1197 2015 1312 2056 puñal;

826 2072 881 2099 no,
905 2062 1014 2098 dama,
1034 2069 1078 2092 no
1096 2058 1132 2091 sé
1147 2058 1326 2095 homicida;

826 2114 908 2147 pues
926 2114 979 2138 me
993 2104 1124 2148 privara
1141 2102 1171 2135 la
1190 2103 1262 2136 vida

827 2149 940 2183 herida
959 2152 1012 2182 tan
1028 2150 1246 2190 penetrante,

826 2193 914 2230 vive,
933 2193 977 2225 mi
998 2191 1089 2229 bien,
1104 2199 1168 2223 con
1187 2194 1223 2223 tu
1244 2193 1391 2225 amante,

825 2246 942 2270 muera
967 2245 1020 2278 yo,
1039 2243 1167 2276 porque
1181 2237 1252 2266 otro
1269 2234 1356 2266 viva.
