1737 2508
1509 123 1559 174 7
256 210 303 246 Ya
325 218 369 245 no
389 204 505 254 puedo
526 200 675 240 escribir
695 209 781 238 mas,

252 277 387 315 porque
402 266 453 301 las
471 264 578 300 lelras
596 271 634 295 se
656 259 783 294 borran

254 336 319 362 con
342 324 374 360 el
395 332 483 370 agua
504 322 547 356 de
569 318 636 355 mis
656 317 744 363 ojos,

257 393 321 430 por
344 387 436 418 estar
452 385 509 415 tan
530 386 710 425 pesarosa.

256 441 327 477 Con
349 444 424 475 esto
446 437 548 474 cerró
569 436 600 471 ol
620 433 735 480 papel,

257 510 276 545 y
294 497 313 532 á
334 496 375 532 D.
400 495 510 542 Diego
527 503 564 529 se
581 492 616 527 lo
632 494 743 537 porta,

258 557 291 593 el
311 555 391 592 cual
411 552 588 591 habiendo
606 549 699 586 leido

258 614 293 651 lo
308 624 377 660 que
392 613 444 649 las
463 612 571 647 letras
591 608 816 645 mencionan,

260 673 333 719 dijo
363 681 430 707 con
452 668 585 716 grande
602 668 715 703 dolor:

261 730 309 766 Ya
327 740 366 766 se
387 728 563 765 acabaron
588 726 655 761 mis
673 723 815 770 glorias,

264 800 305 836 ya
332 800 378 825 no
398 788 445 823 he
465 790 642 822 menester
658 793 733 818 mas
753 781 865 827 galas,

263 859 304 896 ya
331 848 398 884 mis
416 846 578 892 riquezas
600 853 657 879 me
672 842 815 880 sobran,

264 917 310 943 no
328 915 386 941 sea
409 914 450 951 yo
469 901 576 938 desde
591 900 658 946 hoy

265 966 305 1000 D.
329 964 438 1008 Diego
458 962 501 997 de
516 958 698 997 Peñaloza,

265 1024 296 1060 si
315 1032 419 1058 como
441 1020 487 1055 mi
510 1017 632 1054 amada
652 1014 782 1062 prenda

268 1091 312 1118 no
333 1089 477 1126 parezca
499 1076 706 1123 primorosa,

269 1141 420 1175 cuantos
452 1137 578 1171 fueron
595 1142 698 1168 causa
722 1132 764 1166 de
784 1130 854 1165 ello

269 1197 338 1233 han
360 1195 405 1232 de
422 1193 530 1229 morir
551 1202 592 1228 en
613 1189 804 1229 deshonra,

270 1266 289 1301 y
310 1254 351 1289 D.
383 1252 511 1289 Martin
534 1250 566 1287 el
588 1249 755 1296 primero,

273 1322 356 1357 para
378 1321 448 1357 que
467 1309 499 1346 el
530 1309 662 1345 mundo
680 1315 832 1342 conozca

274 1371 319 1406 de
341 1379 388 1404 un
409 1368 480 1404 fino
499 1369 640 1402 amante
662 1365 695 1401 el
719 1364 829 1403 valor,

276 1437 347 1474 que
363 1427 459 1474 justa
478 1434 657 1471 venganza
677 1428 785 1459 toma.

277 1487 362 1524 Esto
388 1485 461 1532 dijo
480 1483 655 1523 valoroso,

278 1557 298 1593 y
321 1543 543 1580 mudándose
563 1542 607 1576 de
627 1550 726 1586 ropa,

280 1608 375 1639 toma
402 1611 449 1636 un
469 1599 629 1636 trabuco,
650 1608 670 1642 y
689 1606 733 1630 un
755 1594 884 1632 frasco,

280 1672 300 1706 y
321 1659 480 1696 también
500 1660 622 1693 cuatro
643 1654 799 1701 pistolas,

284 1730 302 1764 y
323 1728 389 1753 con
411 1715 546 1763 grande
565 1712 792 1748 sentimiento

283 1777 367 1821 dijo:
392 1776 419 1810 A
443 1774 538 1811 Dios,
565 1771 683 1806 Madre
702 1781 720 1816 y
740 1769 888 1807 Señora,

282 1838 300 1870 á
323 1835 404 1869 Dios
434 1832 625 1867 hermanos
646 1840 665 1874 y
690 1828 892 1867 hermanas,

285 1894 303 1928 á
325 1892 408 1927 Dios
426 1889 493 1925 mis
511 1885 694 1923 doncellas
713 1885 827 1925 todas,

286 1951 305 1984 á
331 1949 416 1984 Dios
436 1946 614 1992 parientes
630 1955 647 1989 y
667 1944 818 1990 amigos,

288 2006 308 2042 á
328 2006 413 2041 Dios
430 2004 549 2049 Reyna
569 2002 755 2048 poderosa,

291 2066 414 2111 virgen
434 2063 541 2098 Santa
566 2060 623 2095 del
643 2059 751 2101 Pilar,

292 2121 472 2168 Abogada,
491 2122 690 2167 protectora

294 2182 339 2218 de
359 2181 462 2216 todos
483 2179 537 2213 los
554 2177 762 2224 pecadores,

295 2250 371 2287 que
384 2236 546 2284 afligidos
561 2245 600 2270 os
615 2234 780 2272 invocan,

296 2312 344 2343 en
362 2308 505 2342 vuestro
526 2301 676 2338 nombre
696 2301 787 2337 fiado

973 191 1040 237 hoy
1060 189 1157 235 salgo
1182 188 1225 223 de
1241 187 1426 232 Zaragoza,

974 261 993 298 y
1010 250 1054 285 he
1076 250 1119 284 de
1146 245 1332 292 conseguir
1352 244 1400 280 mi
1419 251 1596 289 empresa,

973 308 1097 345 siendo
1114 317 1175 342 vos
1192 306 1239 341 mi
1257 304 1433 340 valedora.

973 366 1002 403 Y
1020 365 1229 403 entrándose
1248 372 1312 409 por
1327 362 1380 398 los
1399 364 1552 402 montes,

977 435 1019 460 en
1039 425 1072 459 la
1094 433 1258 469 espesura
1275 432 1313 457 se
1328 421 1481 467 engolfa:

978 482 1198 528 registrando
1217 491 1278 516 sus
1300 481 1463 519 malezas,

978 553 996 589 y
1016 542 1036 576 á
1057 551 1145 587 poco
1162 539 1283 576 trecho
1303 549 1342 575 se
1362 543 1441 584 topa

978 610 1045 636 con
1067 600 1106 634 D.
1128 598 1266 637 Martin,
1291 608 1308 643 y
1326 597 1360 632 al
1382 597 1535 633 instante

980 659 1013 694 le
1036 658 1176 704 disparó
1199 667 1266 691 una
1285 656 1414 701 pistola

983 727 1050 753 con
1073 717 1136 750 dos
1155 714 1371 750 encendidas
1391 713 1491 749 balas

982 774 1016 810 le
1037 773 1136 810 entró
1156 772 1189 808 el
1211 773 1275 807 tiro
1297 782 1360 818 por
1379 771 1412 806 la
1429 771 1535 810 boca,

983 844 1002 879 y
1018 831 1076 868 allí
1096 842 1135 867 se
1153 831 1185 867 lo
1206 831 1286 876 dejó
1310 836 1448 866 muerto

984 892 1089 928 sobre
1109 891 1160 926 las
1190 890 1314 925 verdes
1332 889 1538 927 alfombras,

987 952 1041 987 sin
1058 961 1115 986 ser
1129 949 1209 985 oido
1230 948 1262 984 ni
1284 948 1373 983 visto

989 1010 1032 1046 de
1053 1009 1207 1054 ninguno
1235 1007 1278 1043 de
1305 1017 1345 1043 su
1367 1010 1477 1052 tropa.

991 1068 1043 1104 En
1063 1073 1135 1103 esta
1150 1075 1251 1102 sazón
1271 1066 1385 1101 serian

993 1126 1037 1162 de
1058 1126 1086 1160 la
1105 1126 1200 1161 larde
1225 1125 1276 1160 las
1290 1125 1361 1159 seis
1380 1123 1498 1163 horas,

995 1196 1014 1231 y
1034 1184 1065 1220 el
1085 1184 1137 1220 sol
1159 1183 1213 1219 iba
1235 1182 1413 1219 retirando

997 1243 1026 1279 al
1056 1242 1247 1279 Occidente
1265 1252 1304 1276 su
1326 1239 1509 1278 antorcha,

997 1301 1135 1336 cuando
1156 1300 1221 1347 oyó
1238 1309 1363 1335 suaves
1380 1308 1485 1334 voces

1002 1364 1059 1395 tan
1078 1358 1235 1395 sentidas
1250 1369 1268 1403 y
1288 1358 1464 1404 quejosas,

1004 1422 1060 1454 tan
1082 1418 1200 1453 tristes
1215 1428 1232 1462 y
1251 1415 1443 1455 delicadas,

1006 1487 1075 1522 que
1094 1476 1126 1511 el
1146 1485 1292 1511 corazón
1312 1474 1346 1511 le
1359 1473 1572 1519 aprisionan;

1007 1545 1076 1581 que
1095 1535 1233 1570 decían;
1255 1534 1384 1578 Virgen
1398 1542 1487 1578 pura

1009 1594 1064 1629 del
1082 1594 1175 1629 Pilar
1194 1593 1236 1627 de
1251 1591 1435 1636 Zaragoza,

1004 1662 1092 1699 pues
1110 1651 1181 1687 sois
1196 1650 1311 1685 Madre
1328 1649 1371 1684 de
1392 1647 1568 1694 afligidos,

1006 1711 1049 1745 de
1072 1710 1188 1744 tristes
1216 1706 1463 1745 consoladora,

1007 1768 1248 1814 amparadme,
1275 1765 1394 1801 madre
1415 1764 1497 1804 nña,

1010 1838 1050 1862 en
1079 1831 1152 1861 esta
1173 1825 1298 1861 última
1315 1823 1415 1863 hora,

1012 1898 1030 1931 y
1059 1885 1198 1921 alcanza
1219 1883 1262 1918 de
1283 1886 1425 1918 vuestro
1444 1880 1525 1927 Hijo

1011 1954 1094 1990 para
1116 1943 1163 1979 mi
1179 1942 1268 1977 alma
1295 1941 1326 1977 la
1344 1940 1470 1986 gloria.

1011 2001 1260 2039 Sobresaltado
1281 2011 1299 2046 y
1320 1999 1483 2038 confuso,

1015 2074 1034 2109 y
1049 2072 1114 2097 con
1131 2061 1221 2106 prisa
1240 2069 1321 2104 muy
1337 2057 1456 2093 celosa

1013 2120 1074 2157 fué
1096 2130 1159 2166 por
1187 2118 1240 2154 los
1259 2127 1341 2152 ecos
1361 2115 1525 2162 llegando

1017 2180 1133 2215 donde
1154 2177 1273 2213 estaba
1300 2179 1374 2210 esta
1393 2175 1527 2209 Señora

1021 2238 1102 2274 toda
1124 2236 1278 2283 anegada
1298 2244 1341 2269 en
1356 2232 1532 2279 suspiros,

1025 2296 1174 2343 cuajada
1194 2294 1273 2329 toda
1293 2293 1326 2327 la
1344 2301 1430 2337 ropa
