1737 2508
185 260 716 295 Yo le dije: hermosa dama,
185 308 740 344 ¿qué bruto ni qué soberbio
189 356 599 392 animal será bastante
180 403 636 440 á librarse del incendio
188 452 644 488 ó rayo de mi escopeta?
189 501 706 540 y asi si quieres que luego,
190 550 684 587 te saque de este peligro,
192 598 696 634 levanta no tengas miedo.
191 646 662 682 Tomándola de la mano,
183 696 709 730 sigo la márgen de presto:
187 743 659 779 y al cabo de breve rato
195 791 782 828 vino el Oso, y la echó menos;
188 840 677 877 y rastreando las huellas
190 888 851 924 siguió el monte como un trueno:
189 936 723 973 nos divisó, y dió un bufido
186 985 754 1021 tan grande, que te prometo,
196 1033 731 1069 que se estremeció la selva
188 1083 702 1119 y la dama en este tiempo
194 1131 656 1166 se quedó toda turbada.
196 1178 726 1217 Y el irracional sangriento,
189 1228 671 1265 para quitarnos las vidas
189 1276 711 1312 se fue acercando soberbio
200 1325 712 1360 y encrespando la guedeja:
194 1373 702 1409 yo asegurando de presto,
204 1421 750 1457 dandome licencia el muelle,
200 1469 731 1504 despidió el cañon soberbio
197 1518 655 1553 cinco saetas de plomo,
203 1567 732 1604 que al animal en el pecho,
199 1615 639 1651 sin reparar su fiereza,
196 1664 724 1699 le abrieron cinco agujeros,
199 1712 753 1747 que por el menor la muerte
200 1760 808 1797 supo anchuroso entrar dentro;
195 1808 734 1844 dió un bufido, y al instante
200 1857 788 1893 midió con su cuerpo el suelo:
193 1901 738 1942 y volviendo en si la dama,
194 1954 776 1990 me echó los brazos al cuello.
196 2002 616 2040 Bizarro jóven; decia,
196 2050 704 2086 el ser tu esposa prometo
193 2098 664 2135 en pago de esta fineza.
192 2146 710 2185 Yo la respondí: concedo.
1436 188 1473 238 3
907 255 1445 292 Nos dímos palabra y mano,
905 305 1456 341 de esposos, y prosiguiendo
912 353 1415 389 me dice: toma esta cinta,
912 401 1406 437 que dias há que la tengo
915 449 1469 487 para el que fuere mi esposo:
913 497 1386 536 y si no quieres creerlo,
916 545 1292 583 ella dira la verdad,
917 593 1365 631 y quedarás satisfecho;
911 644 1458 681 y el guante que mio tienes
911 693 1530 726 guardalo, que en algun tiempo
917 740 1431 774 podrá ser de que te sirva:
918 788 1496 825 quedate en paz, dulce dueño,
911 837 1413 876 y mira que no te olvides
916 886 1493 923 que á la cuarta noche espero
926 934 1434 970 en mi Quinta, en una reja
919 982 1426 1018 que tiene unos maceteros
915 1032 1365 1067 de fragantes azucenas;
914 1080 1502 1117 no haya falta por que espero,
915 1128 1457 1165 y á breve rato, en el monte
927 1176 1444 1212 vimos venir con estruendo
924 1225 1424 1261 nueve hombres á caballo
921 1273 1360 1311 y la dama conociendo
924 1323 1474 1358 á su Padre y dos hermanos,
919 1371 1482 1407 y otros de acompañamiento
925 1420 1404 1455 que la venian buscando,
926 1468 1380 1504 me dijo querido dueño,
922 1518 1534 1552 conviene que ahora te apartes,
927 1565 1510 1601 porque al primer movimiento
920 1614 1398 1650 han de quitarte la vida,
923 1662 1461 1699 y no con viene que á ellos
928 1710 1420 1747 hagas fuga en este sitio.
930 1760 1426 1795 Ocultéme entre lo espeso
924 1809 1430 1847 sin ser visto de ninguno;
928 1858 1450 1892 llegeron en breve tiempo
921 1906 1398 1941 los que venian á caballo
920 1954 1394 1992 con alegria y contento:
920 2002 1406 2039 llegaron y la abrazaron,
924 2050 1458 2087 y de aquel sitio se fueron.
930 2098 1496 2136 Yo me quedé en la espesura
930 2148 1463 2186 confuso, triste y suspenso:
