<?xml version="1.0" encoding="UTF-8" standalone="yes"?>
<PcGts xmlns="http://schema.primaresearch.org/PAGE/gts/pagecontent/2013-07-15" xmlns:xsi="http://www.w3.org/2001/XMLSchema-instance" xsi:schemaLocation="http://schema.primaresearch.org/PAGE/gts/pagecontent/2013-07-15 http://schema.primaresearch.org/PAGE/gts/pagecontent/2013-07-15/pagecontent.xsd">
    <Metadata>
        <Creator>Transkribus</Creator>
        <Created>2020-10-15T11:50:33.221+02:00</Created>
        <LastChange>2021-10-27T17:09:46.545+02:00</LastChange>
        <Comments>
                Measurement unit: pixel
                PrimaryLanguage: English
                Language: SpanishTraditionalSort
                Producer: Transkribus
            </Comments>
        <TranskribusMetadata docId="516156" pageId="21893405" pageNr="2" tsid="67181208" status="GT" userId="66244" imgUrl="https://files.transkribus.eu/Get?id=VKMMNFRMULBTQVATVOHJRLEU&amp;fileType=view" xmlUrl="https://files.transkribus.eu/Get?id=KEZXFOVOUIUZBRASCWKFPUVB" imageId="16996772"/>
    </Metadata>
    <Page imageFilename="0002_Moreno_097_2.jpg" imageWidth="1188" imageHeight="1758">
        <PrintSpace>
            <Coords points="0,0 1188,0 1188,1758 0,1758"/>
        </PrintSpace>
        <ReadingOrder>
            <OrderedGroup id="ro_1646645557831" caption="Regions reading order">
                <RegionRefIndexed index="0" regionRef="r_2_1"/>
                <RegionRefIndexed index="1" regionRef="r_2_2"/>
                <RegionRefIndexed index="2" regionRef="r_2_3"/>
                <RegionRefIndexed index="3" regionRef="r_2_4"/>
                <RegionRefIndexed index="4" regionRef="r_2_5"/>
                <RegionRefIndexed index="5" regionRef="r_2_6"/>
                <RegionRefIndexed index="6" regionRef="r_2_7"/>
                <RegionRefIndexed index="7" regionRef="r_2_8"/>
                <RegionRefIndexed index="8" regionRef="r_2_9"/>
                <RegionRefIndexed index="9" regionRef="r_2_10"/>
                <RegionRefIndexed index="10" regionRef="r_2_11"/>
                <RegionRefIndexed index="11" regionRef="r_2_12"/>
                <RegionRefIndexed index="12" regionRef="r_2_13"/>
                <RegionRefIndexed index="13" regionRef="r_2_14"/>
                <RegionRefIndexed index="14" regionRef="r_2_15"/>
                <RegionRefIndexed index="15" regionRef="r_2_16"/>
                <RegionRefIndexed index="16" regionRef="r_2_17"/>
                <RegionRefIndexed index="17" regionRef="r_2_18"/>
                <RegionRefIndexed index="18" regionRef="r_2_19"/>
                <RegionRefIndexed index="19" regionRef="r_2_20"/>
                <RegionRefIndexed index="20" regionRef="r_2_21"/>
                <RegionRefIndexed index="21" regionRef="r_2_22"/>
                <RegionRefIndexed index="22" regionRef="r_2_23"/>
                <RegionRefIndexed index="23" regionRef="r_2_24"/>
                <RegionRefIndexed index="24" regionRef="r_2_25"/>
                <RegionRefIndexed index="25" regionRef="r_2_26"/>
                <RegionRefIndexed index="26" regionRef="r_2_27"/>
            </OrderedGroup>
        </ReadingOrder>
        <TextRegion type="paragraph" id="r_2_1" custom="readingOrder {index:0;}">
            <Coords points="743,110 764,110 764,144 743,144"/>
            <TextLine id="tl_2" primaryLanguage="English" custom="readingOrder {index:0;}">
                <Coords points="744,111 763,111 763,143 744,143"/>
                <Baseline points="744,143 763,143"/>
                <Word id="w_w2aab1b3b2b1b1ab1" language="English" custom="readingOrder {index:0;}">
                    <Coords points="744,111 763,111 763,143 744,143"/>
                    <TextEquiv>
                        <Unicode>2</Unicode>
                    </TextEquiv>
                    <TextStyle fontFamily="Times New Roman" fontSize="9.5"/>
                </Word>
                <TextEquiv>
                    <Unicode>2</Unicode>
                </TextEquiv>
                <TextStyle fontFamily="Times New Roman" fontSize="9.5"/>
            </TextLine>
            <TextEquiv>
                <Unicode>2</Unicode>
            </TextEquiv>
        </TextRegion>
        <TextRegion type="paragraph" id="r_2_2" custom="readingOrder {index:1;}">
            <Coords points="282,154 1121,154 1121,244 282,244"/>
            <TextLine id="tl_3" primaryLanguage="English" custom="readingOrder {index:0;}">
                <Coords points="283,155 1120,155 1120,198 283,198"/>
                <Baseline points="283,188 306,188 448,187 535,188 612,197 747,187 777,197 912,186 1120,194"/>
                <Word id="w_w2aab1b3b2b3b1ab1" language="English" custom="readingOrder {index:0;}">
                    <Coords points="283,156 354,156 354,188 283,188"/>
                    <TextEquiv>
                        <Unicode>Ale.</Unicode>
                    </TextEquiv>
                    <TextStyle fontFamily="Times New Roman" fontSize="9.0" italic="true"/>
                </Word>
                <Word id="w_w2aab1b3b2b3b1b1b3" language="English" custom="readingOrder {index:1;}">
                    <Coords points="411,156 448,156 448,187 411,187"/>
                    <TextEquiv>
                        <Unicode>Fs</Unicode>
                    </TextEquiv>
                    <TextStyle fontFamily="Times New Roman" fontSize="9.0"/>
                </Word>
                <Word id="w_w2aab1b3b2b3b1b1b9" language="English" custom="readingOrder {index:2;}">
                    <Coords points="470,166 535,166 535,198 470,198"/>
                    <TextEquiv>
                        <Unicode>que</Unicode>
                    </TextEquiv>
                    <TextStyle fontFamily="Times New Roman" fontSize="9.0"/>
                </Word>
                <Word id="w_w2aab1b3b2b3b1b1c17" language="English" custom="readingOrder {index:3;}">
                    <Coords points="551,156 612,156 612,197 551,197"/>
                    <TextEquiv>
                        <Unicode>hay</Unicode>
                    </TextEquiv>
                    <TextStyle fontFamily="Times New Roman" fontSize="9.0"/>
                </Word>
                <Word id="w_w2aab1b3b2b3b1b1c25" language="English" custom="readingOrder {index:4;}">
                    <Coords points="628,156 747,156 747,189 628,189"/>
                    <TextEquiv>
                        <Unicode>burros</Unicode>
                    </TextEquiv>
                    <TextStyle fontFamily="Times New Roman" fontSize="9.0"/>
                </Word>
                <Word id="w_w2aab1b3b2b3b1b1c39" language="English" custom="readingOrder {index:5;}">
                    <Coords points="764,166 777,166 777,197 764,197"/>
                    <TextEquiv>
                        <Unicode>y</Unicode>
                    </TextEquiv>
                    <TextStyle fontFamily="Times New Roman" fontSize="9.0"/>
                </Word>
                <Word id="w_w2aab1b3b2b3b1b1c43" language="English" custom="readingOrder {index:6;}">
                    <Coords points="796,156 912,156 912,188 796,188"/>
                    <TextEquiv>
                        <Unicode>burras</Unicode>
                    </TextEquiv>
                    <TextStyle fontFamily="Times New Roman" fontSize="9.0"/>
                </Word>
                <Word id="w_w2aab1b3b2b3b1b1c57" language="English" custom="readingOrder {index:7;}">
                    <Coords points="928,155 1120,155 1120,194 928,194"/>
                    <TextEquiv>
                        <Unicode>difcrenlrs,</Unicode>
                    </TextEquiv>
                    <TextStyle fontFamily="Times New Roman" fontSize="9.0"/>
                </Word>
                <TextEquiv>
                    <Unicode>Alc. Es que hay burros y burras diferentes,</Unicode>
                </TextEquiv>
            </TextLine>
            <TextLine id="tl_4" primaryLanguage="English" custom="readingOrder {index:1;}">
                <Coords points="411,201 1102,201 1102,243 411,243"/>
                <Baseline points="411,241 427,241 558,233 627,233 745,231 904,233 1102,233"/>
                <Word id="w_w2aab1b3b2b3b3ab1" language="English" custom="readingOrder {index:0;}">
                    <Coords points="411,211 427,211 427,241 411,241"/>
                    <TextEquiv>
                        <Unicode>y</Unicode>
                    </TextEquiv>
                    <TextStyle fontFamily="Times New Roman" fontSize="9.0"/>
                </Word>
                <Word id="w_w2aab1b3b2b3b3ab5" language="English" custom="readingOrder {index:1;}">
                    <Coords points="446,202 558,202 558,233 446,233"/>
                    <TextEquiv>
                        <Unicode>tienen</Unicode>
                    </TextEquiv>
                    <TextStyle fontFamily="Times New Roman" fontSize="9.0"/>
                </Word>
                <Word id="w_w2aab1b3b2b3b3ac19" language="English" custom="readingOrder {index:2;}">
                    <Coords points="575,201 627,201 627,233 575,233"/>
                    <TextEquiv>
                        <Unicode>del</Unicode>
                    </TextEquiv>
                    <TextStyle fontFamily="Times New Roman" fontSize="9.0"/>
                </Word>
                <Word id="w_w2aab1b3b2b3b3ac27" language="English" custom="readingOrder {index:3;}">
                    <Coords points="653,201 745,201 745,241 653,241"/>
                    <TextEquiv>
                        <Unicode>lugar</Unicode>
                    </TextEquiv>
                    <TextStyle fontFamily="Times New Roman" fontSize="9.0"/>
                </Word>
                <Word id="w_w2aab1b3b2b3b3ac39" language="English" custom="readingOrder {index:4;}">
                    <Coords points="766,201 904,201 904,233 766,233"/>
                    <TextEquiv>
                        <Unicode>muchos</Unicode>
                    </TextEquiv>
                    <TextStyle fontFamily="Times New Roman" fontSize="9.0"/>
                </Word>
                <Word id="w_w2aab1b3b2b3b3ac53" language="English" custom="readingOrder {index:5;}">
                    <Coords points="924,201 1102,201 1102,243 924,243"/>
                    <TextEquiv>
                        <Unicode>parientes.</Unicode>
                    </TextEquiv>
                    <TextStyle fontFamily="Times New Roman" fontSize="9.0"/>
                </Word>
                <TextEquiv>
                    <Unicode>y tienen del lugar muchos parientes.</Unicode>
                </TextEquiv>
                <TextStyle fontFamily="Times New Roman" fontSize="9.0"/>
            </TextLine>
            <TextEquiv>
                <Unicode>Alc. Es que hay burros y burras diferentes,&#13;
y tienen del lugar muchos parientes.</Unicode>
            </TextEquiv>
        </TextRegion>
        <TextRegion type="paragraph" id="r_2_3" custom="readingOrder {index:2;}">
            <Coords points="409,244 751,244 751,279 409,279"/>
            <TextLine id="tl_5" primaryLanguage="English" custom="readingOrder {index:0;}">
                <Coords points="410,245 750,245 750,278 410,278"/>
                <Baseline points="410,276 480,277 540,277 750,276"/>
                <Word id="w_w2aab1b3b2b5b1ab1" language="English" custom="readingOrder {index:0;}">
                    <Coords points="410,245 480,245 480,277 410,277"/>
                    <TextEquiv>
                        <Unicode>Pile</Unicode>
                    </TextEquiv>
                    <TextStyle fontFamily="Times New Roman" fontSize="9.0"/>
                </Word>
                <Word id="w_w2aab1b3b2b5b1ac11" language="English" custom="readingOrder {index:1;}">
                    <Coords points="496,255 540,255 540,277 496,277"/>
                    <TextEquiv>
                        <Unicode>mi</Unicode>
                    </TextEquiv>
                    <TextStyle fontFamily="Times New Roman" fontSize="9.0"/>
                </Word>
                <Word id="w_w2aab1b3b2b5b1ac17" language="English" custom="readingOrder {index:2;}">
                    <Coords points="556,246 750,246 750,278 556,278"/>
                    <TextEquiv>
                        <Unicode>cachete::.-:</Unicode>
                    </TextEquiv>
                    <TextStyle fontFamily="Times New Roman" fontSize="9.0"/>
                </Word>
                <TextEquiv>
                    <Unicode>Dile mi cachete::::</Unicode>
                </TextEquiv>
                <TextStyle fontFamily="Times New Roman" fontSize="9.0"/>
            </TextLine>
            <TextEquiv>
                <Unicode>Dile mi cachete::::</Unicode>
            </TextEquiv>
        </TextRegion>
        <TextRegion type="paragraph" id="r_2_4" custom="readingOrder {index:3;}">
            <Coords points="279,288 809,288 809,332 279,332"/>
            <TextLine id="tl_6" primaryLanguage="English" custom="readingOrder {index:0;}">
                <Coords points="280,289 808,289 808,331 280,331"/>
                <Baseline points="280,321 307,321 541,321 629,321 808,321"/>
                <Word id="w_w2aab1b3b2b7b1ab1" language="English" custom="readingOrder {index:0;}">
                    <Coords points="280,290 353,290 353,321 280,321"/>
                    <TextEquiv>
                        <Unicode>Esc.</Unicode>
                    </TextEquiv>
                    <TextStyle fontFamily="Times New Roman" fontSize="9.0" italic="true"/>
                </Word>
                <Word id="w_w2aab1b3b2b7b1b1b3" language="English" custom="readingOrder {index:1;}">
                    <Coords points="413,290 541,290 541,322 413,322"/>
                    <TextEquiv>
                        <Unicode>Escusa</Unicode>
                    </TextEquiv>
                    <TextStyle fontFamily="Times New Roman" fontSize="9.0"/>
                </Word>
                <Word id="w_w2aab1b3b2b7b1b1c17" language="English" custom="readingOrder {index:2;}">
                    <Coords points="564,290 629,290 629,322 564,322"/>
                    <TextEquiv>
                        <Unicode>mal</Unicode>
                    </TextEquiv>
                    <TextStyle fontFamily="Times New Roman" fontSize="9.0"/>
                </Word>
                <Word id="w_w2aab1b3b2b7b1b1c25" language="English" custom="readingOrder {index:3;}">
                    <Coords points="654,289 808,289 808,331 654,331"/>
                    <TextEquiv>
                        <Unicode>pensada.</Unicode>
                    </TextEquiv>
                    <TextStyle fontFamily="Times New Roman" fontSize="9.0"/>
                </Word>
                <TextEquiv>
                    <Unicode>Esc. Escusa mal pensada.</Unicode>
                </TextEquiv>
            </TextLine>
            <TextEquiv>
                <Unicode>Esc. Escusa mal pensada.</Unicode>
            </TextEquiv>
        </TextRegion>
        <TextRegion type="paragraph" id="r_2_5" custom="readingOrder {index:4;}">
            <Coords points="277,332 1014,332 1014,376 277,376"/>
            <TextLine id="tl_7" primaryLanguage="English" custom="readingOrder {index:0;}">
                <Coords points="278,333 1013,333 1013,375 278,375"/>
                <Baseline points="278,366 302,366 576,366 685,365 768,365 865,365 1013,366"/>
                <Word id="w_w2aab1b3b2b9b1ab1" language="English" custom="readingOrder {index:0;}">
                    <Coords points="278,335 349,335 349,366 278,366"/>
                    <TextEquiv>
                        <Unicode>Ale.</Unicode>
                    </TextEquiv>
                    <TextStyle fontFamily="Times New Roman" fontSize="9.0" italic="true"/>
                </Word>
                <Word id="w_w2aab1b3b2b9b1b1b3" language="English" custom="readingOrder {index:1;}">
                    <Coords points="412,334 576,334 576,374 412,374"/>
                    <TextEquiv>
                        <Unicode>Válganos</Unicode>
                    </TextEquiv>
                    <TextStyle fontFamily="Times New Roman" fontSize="9.0"/>
                </Word>
                <Word id="w_w2aab1b3b2b9b1b1c21" language="English" custom="readingOrder {index:2;}">
                    <Coords points="600,333 685,333 685,366 600,366"/>
                    <TextEquiv>
                        <Unicode>Dios!</Unicode>
                    </TextEquiv>
                    <TextStyle fontFamily="Times New Roman" fontSize="9.0"/>
                </Word>
                <Word id="w_w2aab1b3b2b9b1b1c33" language="English" custom="readingOrder {index:3;}">
                    <Coords points="698,334 768,334 768,365 698,365"/>
                    <TextEquiv>
                        <Unicode>sino</Unicode>
                    </TextEquiv>
                    <TextStyle fontFamily="Times New Roman" fontSize="9.0"/>
                </Word>
                <Word id="w_w2aab1b3b2b9b1b1c43" language="English" custom="readingOrder {index:4;}">
                    <Coords points="786,333 865,333 865,366 786,366"/>
                    <TextEquiv>
                        <Unicode>traía</Unicode>
                    </TextEquiv>
                    <TextStyle fontFamily="Times New Roman" fontSize="9.0"/>
                </Word>
                <Word id="w_w2aab1b3b2b9b1b1c55" language="English" custom="readingOrder {index:5;}">
                    <Coords points="882,333 1013,333 1013,375 882,375"/>
                    <TextEquiv>
                        <Unicode>espada!</Unicode>
                    </TextEquiv>
                    <TextStyle fontFamily="Times New Roman" fontSize="9.0"/>
                </Word>
                <TextEquiv>
                    <Unicode>Alc. Valganos Dios! sino traia espada!</Unicode>
                </TextEquiv>
            </TextLine>
            <TextEquiv>
                <Unicode>Alc. Valganos Dios! sino traia espada!</Unicode>
            </TextEquiv>
        </TextRegion>
        <TextRegion type="paragraph" id="r_2_6" custom="readingOrder {index:5;}">
            <Coords points="276,377 1180,377 1180,421 276,421"/>
            <TextLine id="tl_8" primaryLanguage="English" custom="readingOrder {index:0;}">
                <Coords points="277,378 1179,378 1179,420 277,420"/>
                <Baseline points="277,411 307,411 472,410 551,410 621,410 672,411 889,414 996,418 1179,410"/>
                <Word id="w_w2aab1b3b2c11b1ab1" language="English" custom="readingOrder {index:0;}">
                    <Coords points="277,378 353,378 353,411 277,411"/>
                    <TextEquiv>
                        <Unicode>Esc.</Unicode>
                    </TextEquiv>
                    <TextStyle fontFamily="Times New Roman" fontSize="9.0" italic="true"/>
                </Word>
                <Word id="w_w2aab1b3b2c11b1b1b3" language="English" custom="readingOrder {index:1;}">
                    <Coords points="410,378 472,378 472,410 410,410"/>
                    <TextEquiv>
                        <Unicode>Por</Unicode>
                    </TextEquiv>
                    <TextStyle fontFamily="Times New Roman" fontSize="9.0"/>
                </Word>
                <Word id="w_w2aab1b3b2c11b1b1c11" language="English" custom="readingOrder {index:2;}">
                    <Coords points="487,389 551,389 551,420 487,420"/>
                    <TextEquiv>
                        <Unicode>que</Unicode>
                    </TextEquiv>
                    <TextStyle fontFamily="Times New Roman" fontSize="9.0"/>
                </Word>
                <Word id="w_w2aab1b3b2c11b1b1c19" language="English" custom="readingOrder {index:3;}">
                    <Coords points="566,378 621,378 621,411 566,411"/>
                    <TextEquiv>
                        <Unicode>filé</Unicode>
                    </TextEquiv>
                    <TextStyle fontFamily="Times New Roman" fontSize="9.0"/>
                </Word>
                <Word id="w_w2aab1b3b2c11b1b1c29" language="English" custom="readingOrder {index:4;}">
                    <Coords points="644,379 672,379 672,411 644,411"/>
                    <TextEquiv>
                        <Unicode>la</Unicode>
                    </TextEquiv>
                    <TextStyle fontFamily="Times New Roman" fontSize="9.0"/>
                </Word>
                <Word id="w_w2aab1b3b2c11b1b1c35" language="English" custom="readingOrder {index:5;}">
                    <Coords points="689,378 889,378 889,420 689,420"/>
                    <TextEquiv>
                        <Unicode>pendencia,</Unicode>
                    </TextEquiv>
                    <TextStyle fontFamily="Times New Roman" fontSize="9.0"/>
                </Word>
                <Word id="w_w2aab1b3b2c11b1b1c57" language="English" custom="readingOrder {index:6;}">
                    <Coords points="906,381 996,381 996,418 906,418"/>
                    <TextEquiv>
                        <Unicode>estoy</Unicode>
                    </TextEquiv>
                    <TextStyle fontFamily="Times New Roman" fontSize="9.0"/>
                </Word>
                <Word id="w_w2aab1b3b2c11b1b1c69" language="English" custom="readingOrder {index:7;}">
                    <Coords points="1013,378 1179,378 1179,411 1013,411"/>
                    <TextEquiv>
                        <Unicode>dudando.</Unicode>
                    </TextEquiv>
                    <TextStyle fontFamily="Times New Roman" fontSize="9.0"/>
                </Word>
                <TextEquiv>
                    <Unicode>Esc. Por que fué la pendencia, estoy dudando.</Unicode>
                </TextEquiv>
            </TextLine>
            <TextEquiv>
                <Unicode>Esc. Por que fué la pendencia, estoy dudando.</Unicode>
            </TextEquiv>
        </TextRegion>
        <TextRegion type="paragraph" id="r_2_7" custom="readingOrder {index:6;}">
            <Coords points="277,421 1008,421 1008,464 277,464"/>
            <TextLine id="tl_9" primaryLanguage="English" custom="readingOrder {index:0;}">
                <Coords points="278,422 1007,422 1007,463 278,463"/>
                <Baseline points="278,454 304,454 452,453 505,455 616,454 688,454 758,454 825,453 1007,454"/>
                <Word id="w_w2aab1b3b2c13b1ab1" language="English" custom="readingOrder {index:0;}">
                    <Coords points="278,422 349,422 349,454 278,454"/>
                    <TextEquiv>
                        <Unicode>Ale.</Unicode>
                    </TextEquiv>
                    <TextStyle fontFamily="Times New Roman" fontSize="9.0" italic="true"/>
                </Word>
                <Word id="w_w2aab1b3b2c13b1b1b3" language="English" custom="readingOrder {index:1;}">
                    <Coords points="410,423 452,423 452,455 410,455"/>
                    <TextEquiv>
                        <Unicode>Os</Unicode>
                    </TextEquiv>
                    <TextStyle fontFamily="Times New Roman" fontSize="9.0"/>
                </Word>
                <Word id="w_w2aab1b3b2c13b1b1b9" language="English" custom="readingOrder {index:2;}">
                    <Coords points="473,423 505,423 505,455 473,455"/>
                    <TextEquiv>
                        <Unicode>lo</Unicode>
                    </TextEquiv>
                    <TextStyle fontFamily="Times New Roman" fontSize="9.0"/>
                </Word>
                <Word id="w_w2aab1b3b2c13b1b1c15" language="English" custom="readingOrder {index:3;}">
                    <Coords points="535,423 616,423 616,455 535,455"/>
                    <TextEquiv>
                        <Unicode>dire:</Unicode>
                    </TextEquiv>
                    <TextStyle fontFamily="Times New Roman" fontSize="9.0"/>
                </Word>
                <Word id="w_w2aab1b3b2c13b1b1c27" language="English" custom="readingOrder {index:4;}">
                    <Coords points="642,424 688,424 688,454 642,454"/>
                    <TextEquiv>
                        <Unicode>Yo</Unicode>
                    </TextEquiv>
                    <TextStyle fontFamily="Times New Roman" fontSize="9.0"/>
                </Word>
                <Word id="w_w2aab1b3b2c13b1b1c33" language="English" custom="readingOrder {index:5;}">
                    <Coords points="706,432 758,432 758,454 706,454"/>
                    <TextEquiv>
                        <Unicode>me</Unicode>
                    </TextEquiv>
                    <TextStyle fontFamily="Times New Roman" fontSize="9.0"/>
                </Word>
                <Word id="w_w2aab1b3b2c13b1b1c39" language="English" custom="readingOrder {index:6;}">
                    <Coords points="775,422 825,422 825,454 775,454"/>
                    <TextEquiv>
                        <Unicode>iba</Unicode>
                    </TextEquiv>
                    <TextStyle fontFamily="Times New Roman" fontSize="9.0"/>
                </Word>
                <Word id="w_w2aab1b3b2c13b1b1c47" language="English" custom="readingOrder {index:7;}">
                    <Coords points="843,426 1007,426 1007,463 843,463"/>
                    <TextEquiv>
                        <Unicode>paseando</Unicode>
                    </TextEquiv>
                    <TextStyle fontFamily="Times New Roman" fontSize="9.0"/>
                </Word>
                <TextEquiv>
                    <Unicode>Alc. Os lo diré: Yo me iba pascando</Unicode>
                </TextEquiv>
            </TextLine>
            <TextEquiv>
                <Unicode>Alc. Os lo diré: Yo me iba pascando</Unicode>
            </TextEquiv>
        </TextRegion>
        <TextRegion type="paragraph" id="r_2_8" custom="readingOrder {index:7;}">
            <Coords points="407,464 1184,464 1184,730 407,730"/>
            <TextLine id="tl_10" primaryLanguage="English" custom="readingOrder {index:0;}">
                <Coords points="411,465 1183,465 1183,509 411,509"/>
                <Baseline points="411,509 521,499 637,499 674,498 768,497 896,497 969,497 1074,497 1183,508"/>
                <Word id="w_w2aab1b3b2c15b1ab1" language="English" custom="readingOrder {index:0;}">
                    <Coords points="411,465 521,465 521,509 411,509"/>
                    <TextEquiv>
                        <Unicode>(como</Unicode>
                    </TextEquiv>
                    <TextStyle fontFamily="Times New Roman" fontSize="9.0"/>
                </Word>
                <Word id="w_w2aab1b3b2c15b1ac13" language="English" custom="readingOrder {index:1;}">
                    <Coords points="539,470 637,470 637,508 539,508"/>
                    <TextEquiv>
                        <Unicode>longo</Unicode>
                    </TextEquiv>
                    <TextStyle fontFamily="Times New Roman" fontSize="9.0"/>
                </Word>
                <Word id="w_w2aab1b3b2c15b1ac25" language="English" custom="readingOrder {index:2;}">
                    <Coords points="657,465 674,465 674,498 657,498"/>
                    <TextEquiv>
                        <Unicode>á</Unicode>
                    </TextEquiv>
                    <TextStyle fontFamily="Times New Roman" fontSize="9.0"/>
                </Word>
                <Word id="w_w2aab1b3b2c15b1ac29" language="English" custom="readingOrder {index:3;}">
                    <Coords points="692,467 768,467 768,498 692,498"/>
                    <TextEquiv>
                        <Unicode>Dios</Unicode>
                    </TextEquiv>
                    <TextStyle fontFamily="Times New Roman" fontSize="9.0"/>
                </Word>
                <Word id="w_w2aab1b3b2c15b1ac39" language="English" custom="readingOrder {index:4;}">
                    <Coords points="786,466 896,466 896,506 786,506"/>
                    <TextEquiv>
                        <Unicode>gracia</Unicode>
                    </TextEquiv>
                    <TextStyle fontFamily="Times New Roman" fontSize="9.0"/>
                </Word>
                <Word id="w_w2aab1b3b2c15b1ac53" language="English" custom="readingOrder {index:5;}">
                    <Coords points="915,469 969,469 969,497 915,497"/>
                    <TextEquiv>
                        <Unicode>tan</Unicode>
                    </TextEquiv>
                    <TextStyle fontFamily="Times New Roman" fontSize="9.0"/>
                </Word>
                <Word id="w_w2aab1b3b2c15b1ac61" language="English" custom="readingOrder {index:6;}">
                    <Coords points="986,466 1074,466 1074,497 986,497"/>
                    <TextEquiv>
                        <Unicode>buen</Unicode>
                    </TextEquiv>
                    <TextStyle fontFamily="Times New Roman" fontSize="9.0"/>
                </Word>
                <Word id="w_w2aab1b3b2c15b1ac71" language="English" custom="readingOrder {index:7;}">
                    <Coords points="1094,465 1183,465 1183,508 1094,508"/>
                    <TextEquiv>
                        <Unicode>talle)</Unicode>
                    </TextEquiv>
                    <TextStyle fontFamily="Times New Roman" fontSize="9.0"/>
                </Word>
                <TextEquiv>
                    <Unicode>(como tengo á Dios gracia tan buen talle)</Unicode>
                </TextEquiv>
                <TextStyle fontFamily="Times New Roman" fontSize="9.0"/>
            </TextLine>
            <TextLine id="tl_11" primaryLanguage="English" custom="readingOrder {index:1;}">
                <Coords points="408,509 1166,509 1166,551 408,551"/>
                <Baseline points="408,551 427,551 627,543 711,542 757,542 874,540 931,540 1050,541 1166,541"/>
                <Word id="w_w2aab1b3b2c15b3ab1" language="English" custom="readingOrder {index:0;}">
                    <Coords points="408,519 427,519 427,551 408,551"/>
                    <TextEquiv>
                        <Unicode>y</Unicode>
                    </TextEquiv>
                    <TextStyle fontFamily="Times New Roman" fontSize="9.0"/>
                </Word>
                <Word id="w_w2aab1b3b2c15b3ab5" language="English" custom="readingOrder {index:1;}">
                    <Coords points="443,516 627,516 627,543 443,543"/>
                    <TextEquiv>
                        <Unicode>encuentro</Unicode>
                    </TextEquiv>
                    <TextStyle fontFamily="Times New Roman" fontSize="9.0"/>
                </Word>
                <Word id="w_w2aab1b3b2c15b3ac25" language="English" custom="readingOrder {index:2;}">
                    <Coords points="648,519 711,519 711,542 648,542"/>
                    <TextEquiv>
                        <Unicode>con</Unicode>
                    </TextEquiv>
                    <TextStyle fontFamily="Times New Roman" fontSize="9.0"/>
                </Word>
                <Word id="w_w2aab1b3b2c15b3ac33" language="English" custom="readingOrder {index:3;}">
                    <Coords points="727,511 757,511 757,542 727,542"/>
                    <TextEquiv>
                        <Unicode>el</Unicode>
                    </TextEquiv>
                    <TextStyle fontFamily="Times New Roman" fontSize="9.0"/>
                </Word>
                <Word id="w_w2aab1b3b2c15b3ac39" language="English" custom="readingOrder {index:4;}">
                    <Coords points="774,510 874,510 874,541 774,541"/>
                    <TextEquiv>
                        <Unicode>burro</Unicode>
                    </TextEquiv>
                    <TextStyle fontFamily="Times New Roman" fontSize="9.0"/>
                </Word>
                <Word id="w_w2aab1b3b2c15b3ac51" language="English" custom="readingOrder {index:5;}">
                    <Coords points="891,519 931,519 931,540 891,540"/>
                    <TextEquiv>
                        <Unicode>en</Unicode>
                    </TextEquiv>
                    <TextStyle fontFamily="Times New Roman" fontSize="9.0"/>
                </Word>
                <Word id="w_w2aab1b3b2c15b3ac57" language="English" custom="readingOrder {index:6;}">
                    <Coords points="949,509 1050,509 1050,541 949,541"/>
                    <TextEquiv>
                        <Unicode>cierta</Unicode>
                    </TextEquiv>
                    <TextStyle fontFamily="Times New Roman" fontSize="9.0"/>
                </Word>
                <Word id="w_w2aab1b3b2c15b3ac71" language="English" custom="readingOrder {index:7;}">
                    <Coords points="1072,511 1166,511 1166,542 1072,542"/>
                    <TextEquiv>
                        <Unicode>calle.</Unicode>
                    </TextEquiv>
                    <TextStyle fontFamily="Times New Roman" fontSize="9.0"/>
                </Word>
                <TextEquiv>
                    <Unicode>y encuentro con el burro en cierta calle.</Unicode>
                </TextEquiv>
                <TextStyle fontFamily="Times New Roman" fontSize="9.0"/>
            </TextLine>
            <TextLine id="tl_12" primaryLanguage="English" custom="readingOrder {index:2;}">
                <Coords points="409,553 1016,553 1016,593 409,593"/>
                <Baseline points="409,586 535,586 680,585 807,585 1016,591"/>
                <Word id="w_w2aab1b3b2c15b5ab1" language="English" custom="readingOrder {index:0;}">
                    <Coords points="409,554 535,554 535,593 409,593"/>
                    <TextEquiv>
                        <Unicode>Fiígele:</Unicode>
                    </TextEquiv>
                    <TextStyle fontFamily="Times New Roman" fontSize="9.0"/>
                </Word>
                <Word id="w_w2aab1b3b2c15b5ac19" language="English" custom="readingOrder {index:1;}">
                    <Coords points="556,555 680,555 680,587 556,587"/>
                    <TextEquiv>
                        <Unicode>buenas</Unicode>
                    </TextEquiv>
                    <TextStyle fontFamily="Times New Roman" fontSize="9.0"/>
                </Word>
                <Word id="w_w2aab1b3b2c15b5ac33" language="English" custom="readingOrder {index:2;}">
                    <Coords points="698,554 807,554 807,585 698,585"/>
                    <TextEquiv>
                        <Unicode>tardes</Unicode>
                    </TextEquiv>
                    <TextStyle fontFamily="Times New Roman" fontSize="9.0"/>
                </Word>
                <Word id="w_w2aab1b3b2c15b5ac47" language="English" custom="readingOrder {index:3;}">
                    <Coords points="826,553 1016,553 1016,591 826,591"/>
                    <TextEquiv>
                        <Unicode>camarada;</Unicode>
                    </TextEquiv>
                    <TextStyle fontFamily="Times New Roman" fontSize="9.0"/>
                </Word>
                <TextEquiv>
                    <Unicode>Digele: buenas tardes camarada;</Unicode>
                </TextEquiv>
                <TextStyle fontFamily="Times New Roman" fontSize="9.0"/>
            </TextLine>
            <TextLine id="tl_13" primaryLanguage="English" custom="readingOrder {index:3;}">
                <Coords points="408,598 981,598 981,640 408,640"/>
                <Baseline points="408,640 426,640 517,631 628,631 687,630 824,629 981,633"/>
                <Word id="w_w2aab1b3b2c15b7ab1" language="English" custom="readingOrder {index:0;}">
                    <Coords points="408,609 426,609 426,640 408,640"/>
                    <TextEquiv>
                        <Unicode>y</Unicode>
                    </TextEquiv>
                    <TextStyle fontFamily="Times New Roman" fontSize="9.0"/>
                </Word>
                <Word id="w_w2aab1b3b2c15b7ab5" language="English" custom="readingOrder {index:1;}">
                    <Coords points="443,600 517,600 517,631 443,631"/>
                    <TextEquiv>
                        <Unicode>cual</Unicode>
                    </TextEquiv>
                    <TextStyle fontFamily="Times New Roman" fontSize="9.0"/>
                </Word>
                <Word id="w_w2aab1b3b2c15b7ac15" language="English" custom="readingOrder {index:2;}">
                    <Coords points="537,600 628,600 628,631 537,631"/>
                    <TextEquiv>
                        <Unicode>fuera</Unicode>
                    </TextEquiv>
                    <TextStyle fontFamily="Times New Roman" fontSize="9.0"/>
                </Word>
                <Word id="w_w2aab1b3b2c15b7ac27" language="English" custom="readingOrder {index:3;}">
                    <Coords points="650,608 687,608 687,639 650,639"/>
                    <TextEquiv>
                        <Unicode>yo</Unicode>
                    </TextEquiv>
                    <TextStyle fontFamily="Times New Roman" fontSize="9.0"/>
                </Word>
                <Word id="w_w2aab1b3b2c15b7ac33" language="English" custom="readingOrder {index:4;}">
                    <Coords points="704,599 824,599 824,639 704,639"/>
                    <TextEquiv>
                        <Unicode>alguna</Unicode>
                    </TextEquiv>
                    <TextStyle fontFamily="Times New Roman" fontSize="9.0"/>
                </Word>
                <Word id="w_w2aab1b3b2c15b7ac47" language="English" custom="readingOrder {index:5;}">
                    <Coords points="842,598 981,598 981,633 842,633"/>
                    <TextEquiv>
                        <Unicode>cebada,</Unicode>
                    </TextEquiv>
                    <TextStyle fontFamily="Times New Roman" fontSize="9.0"/>
                </Word>
                <TextEquiv>
                    <Unicode>y cual fuera yo alguna cebada,</Unicode>
                </TextEquiv>
                <TextStyle fontFamily="Times New Roman" fontSize="9.0"/>
            </TextLine>
            <TextLine id="tl_14" primaryLanguage="English" custom="readingOrder {index:4;}">
                <Coords points="410,641 1056,641 1056,683 410,683"/>
                <Baseline points="410,675 481,675 533,675 679,679 713,683 791,673 856,673 942,673 1056,672"/>
                <Word id="w_w2aab1b3b2c15b9ab1" language="English" custom="readingOrder {index:0;}">
                    <Coords points="410,642 481,642 481,675 410,675"/>
                    <TextEquiv>
                        <Unicode>alzó</Unicode>
                    </TextEquiv>
                    <TextStyle fontFamily="Times New Roman" fontSize="9.0"/>
                </Word>
                <Word id="w_w2aab1b3b2c15b9ac11" language="English" custom="readingOrder {index:1;}">
                    <Coords points="504,644 533,644 533,675 504,675"/>
                    <TextEquiv>
                        <Unicode>el</Unicode>
                    </TextEquiv>
                    <TextStyle fontFamily="Times New Roman" fontSize="9.0"/>
                </Word>
                <Word id="w_w2aab1b3b2c15b9ac17" language="English" custom="readingOrder {index:2;}">
                    <Coords points="550,643 679,643 679,679 550,679"/>
                    <TextEquiv>
                        <Unicode>hocico,</Unicode>
                    </TextEquiv>
                    <TextStyle fontFamily="Times New Roman" fontSize="9.0"/>
                </Word>
                <Word id="w_w2aab1b3b2c15b9ac33" language="English" custom="readingOrder {index:3;}">
                    <Coords points="696,652 713,652 713,683 696,683"/>
                    <TextEquiv>
                        <Unicode>y</Unicode>
                    </TextEquiv>
                    <TextStyle fontFamily="Times New Roman" fontSize="9.0"/>
                </Word>
                <Word id="w_w2aab1b3b2c15b9ac37" language="English" custom="readingOrder {index:4;}">
                    <Coords points="729,652 791,652 791,674 729,674"/>
                    <TextEquiv>
                        <Unicode>con</Unicode>
                    </TextEquiv>
                    <TextStyle fontFamily="Times New Roman" fontSize="9.0"/>
                </Word>
                <Word id="w_w2aab1b3b2c15b9ac45" language="English" custom="readingOrder {index:5;}">
                    <Coords points="809,643 856,643 856,674 809,674"/>
                    <TextEquiv>
                        <Unicode>los</Unicode>
                    </TextEquiv>
                    <TextStyle fontFamily="Times New Roman" fontSize="9.0"/>
                </Word>
                <Word id="w_w2aab1b3b2c15b9ac53" language="English" custom="readingOrder {index:6;}">
                    <Coords points="872,641 942,641 942,682 872,682"/>
                    <TextEquiv>
                        <Unicode>ojos</Unicode>
                    </TextEquiv>
                    <TextStyle fontFamily="Times New Roman" fontSize="9.0"/>
                </Word>
                <Word id="w_w2aab1b3b2c15b9ac63" language="English" custom="readingOrder {index:7;}">
                    <Coords points="959,642 1056,642 1056,673 959,673"/>
                    <TextEquiv>
                        <Unicode>tiesos</Unicode>
                    </TextEquiv>
                    <TextStyle fontFamily="Times New Roman" fontSize="9.0"/>
                </Word>
                <TextEquiv>
                    <Unicode>alzó el hocico, y con los ojos tiesos</Unicode>
                </TextEquiv>
                <TextStyle fontFamily="Times New Roman" fontSize="9.0"/>
            </TextLine>
            <TextLine id="tl_15" primaryLanguage="English" custom="readingOrder {index:5;}">
                <Coords points="410,686 1147,686 1147,729 410,729"/>
                <Baseline points="410,719 521,718 576,719 748,717 882,717 1024,718 1147,718"/>
                <Word id="w_w2aab1b3b2c15c11ab1" language="English" custom="readingOrder {index:0;}">
                    <Coords points="410,686 521,686 521,720 410,720"/>
                    <TextEquiv>
                        <Unicode>medió</Unicode>
                    </TextEquiv>
                    <TextStyle fontFamily="Times New Roman" fontSize="9.0"/>
                </Word>
                <Word id="w_w2aab1b3b2c15c11ac13" language="English" custom="readingOrder {index:1;}">
                    <Coords points="536,697 576,697 576,719 536,719"/>
                    <TextEquiv>
                        <Unicode>en</Unicode>
                    </TextEquiv>
                    <TextStyle fontFamily="Times New Roman" fontSize="9.0"/>
                </Word>
                <Word id="w_w2aab1b3b2c15c11ac19" language="English" custom="readingOrder {index:2;}">
                    <Coords points="594,690 748,690 748,729 594,729"/>
                    <TextEquiv>
                        <Unicode>aquestas</Unicode>
                    </TextEquiv>
                    <TextStyle fontFamily="Times New Roman" fontSize="9.0"/>
                </Word>
                <Word id="w_w2aab1b3b2c15c11ac37" language="English" custom="readingOrder {index:3;}">
                    <Coords points="764,686 882,686 882,718 764,718"/>
                    <TextEquiv>
                        <Unicode>barbas</Unicode>
                    </TextEquiv>
                    <TextStyle fontFamily="Times New Roman" fontSize="9.0"/>
                </Word>
                <Word id="w_w2aab1b3b2c15c11ac51" language="English" custom="readingOrder {index:4;}">
                    <Coords points="904,686 1024,686 1024,718 904,718"/>
                    <TextEquiv>
                        <Unicode>treinta</Unicode>
                    </TextEquiv>
                    <TextStyle fontFamily="Times New Roman" fontSize="9.0"/>
                </Word>
                <Word id="w_w2aab1b3b2c15c11ac67" language="English" custom="readingOrder {index:5;}">
                    <Coords points="1040,686 1147,686 1147,718 1040,718"/>
                    <TextEquiv>
                        <Unicode>besos.</Unicode>
                    </TextEquiv>
                    <TextStyle fontFamily="Times New Roman" fontSize="9.0"/>
                </Word>
                <TextEquiv>
                    <Unicode>medió en aquestas barbas treinta besos.</Unicode>
                </TextEquiv>
                <TextStyle fontFamily="Times New Roman" fontSize="9.0"/>
            </TextLine>
            <TextEquiv>
                <Unicode>(como tengo á Dios gracia tan buen talle)&#13;
y encuentro con el burro en cierta calle.&#13;
Digele: buenas tardes camarada;&#13;
y cual fuera yo alguna cebada,&#13;
alzó el hocico, y con los ojos tiesos&#13;
medió en aquestas barbas treinta besos.</Unicode>
            </TextEquiv>
        </TextRegion>
        <TextRegion type="paragraph" id="r_2_9" custom="readingOrder {index:8;}">
            <Coords points="275,728 790,728 790,774 275,774"/>
            <TextLine id="tl_16" primaryLanguage="English" custom="readingOrder {index:0;}">
                <Coords points="276,729 789,729 789,773 276,773"/>
                <Baseline points="276,763 308,763 461,764 549,763 633,763 689,763 789,762"/>
                <Word id="w_w2aab1b3b2c17b1ab1" language="English" custom="readingOrder {index:0;}">
                    <Coords points="276,731 352,731 352,763 276,763"/>
                    <TextEquiv>
                        <Unicode>Esc.</Unicode>
                    </TextEquiv>
                    <TextStyle fontFamily="Times New Roman" fontSize="9.0" italic="true"/>
                </Word>
                <Word id="w_w2aab1b3b2c17b1b1b3" language="English" custom="readingOrder {index:1;}">
                    <Coords points="412,732 461,732 461,764 412,764"/>
                    <TextEquiv>
                        <Unicode>No</Unicode>
                    </TextEquiv>
                    <TextStyle fontFamily="Times New Roman" fontSize="9.0"/>
                </Word>
                <Word id="w_w2aab1b3b2c17b1b1b9" language="English" custom="readingOrder {index:2;}">
                    <Coords points="481,731 549,731 549,764 481,764"/>
                    <TextEquiv>
                        <Unicode>veis</Unicode>
                    </TextEquiv>
                    <TextStyle fontFamily="Times New Roman" fontSize="9.0"/>
                </Word>
                <Word id="w_w2aab1b3b2c17b1b1c19" language="English" custom="readingOrder {index:3;}">
                    <Coords points="568,741 633,741 633,773 568,773"/>
                    <TextEquiv>
                        <Unicode>que</Unicode>
                    </TextEquiv>
                    <TextStyle fontFamily="Times New Roman" fontSize="9.0"/>
                </Word>
                <Word id="w_w2aab1b3b2c17b1b1c27" language="English" custom="readingOrder {index:4;}">
                    <Coords points="655,739 689,739 689,763 655,763"/>
                    <TextEquiv>
                        <Unicode>se</Unicode>
                    </TextEquiv>
                    <TextStyle fontFamily="Times New Roman" fontSize="9.0"/>
                </Word>
                <Word id="w_w2aab1b3b2c17b1b1c33" language="English" custom="readingOrder {index:5;}">
                    <Coords points="705,729 789,729 789,766 705,766"/>
                    <TextEquiv>
                        <Unicode>reía?</Unicode>
                    </TextEquiv>
                    <TextStyle fontFamily="Times New Roman" fontSize="9.0"/>
                </Word>
                <TextEquiv>
                    <Unicode>Esc. No veis que se reia?</Unicode>
                </TextEquiv>
            </TextLine>
            <TextEquiv>
                <Unicode>Esc. No veis que se reia?</Unicode>
            </TextEquiv>
        </TextRegion>
        <TextRegion type="paragraph" id="r_2_10" custom="readingOrder {index:9;}">
            <Coords points="275,774 684,774 684,809 275,809"/>
            <TextLine id="tl_17" primaryLanguage="English" custom="readingOrder {index:0;}">
                <Coords points="276,775 683,775 683,808 276,808"/>
                <Baseline points="276,808 301,808 468,808 524,807 683,807"/>
                <Word id="w_w2aab1b3b2c19b1ab1" language="English" custom="readingOrder {index:0;}">
                    <Coords points="276,776 348,776 348,808 276,808"/>
                    <TextEquiv>
                        <Unicode>Ale.</Unicode>
                    </TextEquiv>
                    <TextStyle fontFamily="Times New Roman" fontSize="9.0" italic="true"/>
                </Word>
                <Word id="w_w2aab1b3b2c19b1b1b3" language="English" custom="readingOrder {index:1;}">
                    <Coords points="409,776 468,776 468,808 409,808"/>
                    <TextEquiv>
                        <Unicode>Eso</Unicode>
                    </TextEquiv>
                    <TextStyle fontFamily="Times New Roman" fontSize="9.0"/>
                </Word>
                <Word id="w_w2aab1b3b2c19b1b1c11" language="English" custom="readingOrder {index:2;}">
                    <Coords points="489,785 524,785 524,808 489,808"/>
                    <TextEquiv>
                        <Unicode>os</Unicode>
                    </TextEquiv>
                    <TextStyle fontFamily="Times New Roman" fontSize="9.0"/>
                </Word>
                <Word id="w_w2aab1b3b2c19b1b1c17" language="English" custom="readingOrder {index:3;}">
                    <Coords points="540,775 683,775 683,808 540,808"/>
                    <TextEquiv>
                        <Unicode>malicia:</Unicode>
                    </TextEquiv>
                    <TextStyle fontFamily="Times New Roman" fontSize="9.0"/>
                </Word>
                <TextEquiv>
                    <Unicode>Alc. Eso es malicia:</Unicode>
                </TextEquiv>
            </TextLine>
            <TextEquiv>
                <Unicode>Alc. Eso es malicia:</Unicode>
            </TextEquiv>
        </TextRegion>
        <TextRegion type="paragraph" id="r_2_11" custom="readingOrder {index:10;}">
            <Coords points="409,818 1027,818 1027,854 409,854"/>
            <TextLine id="tl_18" primaryLanguage="English" custom="readingOrder {index:0;}">
                <Coords points="410,819 1026,819 1026,853 410,853"/>
                <Baseline points="410,852 507,853 556,853 612,852 670,853 755,852 811,852 861,851 1026,850"/>
                <Word id="w_w2aab1b3b2c21b1ab1" language="English" custom="readingOrder {index:0;}">
                    <Coords points="410,820 507,820 507,853 410,853"/>
                    <TextEquiv>
                        <Unicode>nadie</Unicode>
                    </TextEquiv>
                    <TextStyle fontFamily="Times New Roman" fontSize="9.0"/>
                </Word>
                <Word id="w_w2aab1b3b2c21b1ac13" language="English" custom="readingOrder {index:1;}">
                    <Coords points="522,830 556,830 556,853 522,853"/>
                    <TextEquiv>
                        <Unicode>se</Unicode>
                    </TextEquiv>
                    <TextStyle fontFamily="Times New Roman" fontSize="9.0"/>
                </Word>
                <Word id="w_w2aab1b3b2c21b1ac19" language="English" custom="readingOrder {index:2;}">
                    <Coords points="573,820 612,820 612,852 573,852"/>
                    <TextEquiv>
                        <Unicode>ha</Unicode>
                    </TextEquiv>
                    <TextStyle fontFamily="Times New Roman" fontSize="9.0"/>
                </Word>
                <Word id="w_w2aab1b3b2c21b1ac25" language="English" custom="readingOrder {index:3;}">
                    <Coords points="630,820 670,820 670,853 630,853"/>
                    <TextEquiv>
                        <Unicode>de</Unicode>
                    </TextEquiv>
                    <TextStyle fontFamily="Times New Roman" fontSize="9.0"/>
                </Word>
                <Word id="w_w2aab1b3b2c21b1ac31" language="English" custom="readingOrder {index:4;}">
                    <Coords points="690,820 755,820 755,853 690,853"/>
                    <TextEquiv>
                        <Unicode>reir</Unicode>
                    </TextEquiv>
                    <TextStyle fontFamily="Times New Roman" fontSize="9.0"/>
                </Word>
                <Word id="w_w2aab1b3b2c21b1ac41" language="English" custom="readingOrder {index:5;}">
                    <Coords points="771,819 811,819 811,852 771,852"/>
                    <TextEquiv>
                        <Unicode>de</Unicode>
                    </TextEquiv>
                    <TextStyle fontFamily="Times New Roman" fontSize="9.0"/>
                </Word>
                <Word id="w_w2aab1b3b2c21b1ac47" language="English" custom="readingOrder {index:6;}">
                    <Coords points="832,820 861,820 861,852 832,852"/>
                    <TextEquiv>
                        <Unicode>la</Unicode>
                    </TextEquiv>
                    <TextStyle fontFamily="Times New Roman" fontSize="9.0"/>
                </Word>
                <Word id="w_w2aab1b3b2c21b1ac53" language="English" custom="readingOrder {index:7;}">
                    <Coords points="877,819 1026,819 1026,851 877,851"/>
                    <TextEquiv>
                        <Unicode>Justicia.</Unicode>
                    </TextEquiv>
                    <TextStyle fontFamily="Times New Roman" fontSize="9.0"/>
                </Word>
                <TextEquiv>
                    <Unicode>nadie se ha de reir de la Justicia.</Unicode>
                </TextEquiv>
                <TextStyle fontFamily="Times New Roman" fontSize="9.0"/>
            </TextLine>
            <TextEquiv>
                <Unicode>nadie se ha de reir de la Justicia.</Unicode>
            </TextEquiv>
        </TextRegion>
        <TextRegion type="paragraph" id="r_2_12" custom="readingOrder {index:11;}">
            <Coords points="276,863 1050,863 1050,898 276,898"/>
            <TextLine id="tl_19" primaryLanguage="English" custom="readingOrder {index:0;}">
                <Coords points="277,864 1049,864 1049,897 277,897"/>
                <Baseline points="277,897 307,897 467,896 585,896 642,896 713,897 828,896 1049,894"/>
                <Word id="w_w2aab1b3b2c23b1ab1" language="English" custom="readingOrder {index:0;}">
                    <Coords points="277,865 352,865 352,897 277,897"/>
                    <TextEquiv>
                        <Unicode>Esc.</Unicode>
                    </TextEquiv>
                    <TextStyle fontFamily="Times New Roman" fontSize="9.0" italic="true"/>
                </Word>
                <Word id="w_w2aab1b3b2c23b1b1b3" language="English" custom="readingOrder {index:1;}">
                    <Coords points="413,865 467,865 467,896 413,896"/>
                    <TextEquiv>
                        <Unicode>Sin</Unicode>
                    </TextEquiv>
                    <TextStyle fontFamily="Times New Roman" fontSize="9.0"/>
                </Word>
                <Word id="w_w2aab1b3b2c23b1b1c11" language="English" custom="readingOrder {index:2;}">
                    <Coords points="483,874 585,874 585,897 483,897"/>
                    <TextEquiv>
                        <Unicode>razón</Unicode>
                    </TextEquiv>
                    <TextStyle fontFamily="Times New Roman" fontSize="9.0"/>
                </Word>
                <Word id="w_w2aab1b3b2c23b1b1c23" language="English" custom="readingOrder {index:3;}">
                    <Coords points="601,864 642,864 642,897 601,897"/>
                    <TextEquiv>
                        <Unicode>de</Unicode>
                    </TextEquiv>
                    <TextStyle fontFamily="Times New Roman" fontSize="9.0"/>
                </Word>
                <Word id="w_w2aab1b3b2c23b1b1c29" language="English" custom="readingOrder {index:4;}">
                    <Coords points="658,874 713,874 713,897 658,897"/>
                    <TextEquiv>
                        <Unicode>eso</Unicode>
                    </TextEquiv>
                    <TextStyle fontFamily="Times New Roman" fontSize="9.0"/>
                </Word>
                <Word id="w_w2aab1b3b2c23b1b1c37" language="English" custom="readingOrder {index:5;}">
                    <Coords points="730,864 828,864 828,897 730,897"/>
                    <TextEquiv>
                        <Unicode>estáis</Unicode>
                    </TextEquiv>
                    <TextStyle fontFamily="Times New Roman" fontSize="9.0"/>
                </Word>
                <Word id="w_w2aab1b3b2c23b1b1c51" language="English" custom="readingOrder {index:6;}">
                    <Coords points="843,864 1049,864 1049,896 843,896"/>
                    <TextEquiv>
                        <Unicode>enfurecido.</Unicode>
                    </TextEquiv>
                    <TextStyle fontFamily="Times New Roman" fontSize="9.0"/>
                </Word>
                <TextEquiv>
                    <Unicode>Esc. Sin razon de eso estais enfurecido.</Unicode>
                </TextEquiv>
            </TextLine>
            <TextEquiv>
                <Unicode>Esc. Sin razon de eso estais enfurecido.</Unicode>
            </TextEquiv>
        </TextRegion>
        <TextRegion type="paragraph" id="r_2_13" custom="readingOrder {index:12;}">
            <Coords points="256,906 1091,906 1091,1041 256,1041"/>
            <TextLine id="tl_20" primaryLanguage="English" custom="readingOrder {index:0;}">
                <Coords points="257,907 1058,907 1058,954 257,954"/>
                <Baseline points="259,941 273,941 302,941 527,942 607,941 656,940 721,940 842,939 931,939 1058,944"/>
                <Word id="w_w2aab1b3b2c25b1b1b1" language="English" custom="readingOrder {index:0;}">
                    <Coords points="277,910 350,910 350,941 277,941"/>
                    <TextEquiv>
                        <Unicode>Ale.</Unicode>
                    </TextEquiv>
                    <TextStyle fontFamily="Times New Roman" fontSize="9.0" italic="true"/>
                </Word>
                <Word id="w_w2aab1b3b2c25b1b2b3" language="English" custom="readingOrder {index:1;}">
                    <Coords points="413,907 527,907 527,950 413,950"/>
                    <TextEquiv>
                        <Unicode>Dígale</Unicode>
                    </TextEquiv>
                    <TextStyle fontFamily="Times New Roman" fontSize="9.0"/>
                </Word>
                <Word id="w_w2aab1b3b2c25b1b2c17" language="English" custom="readingOrder {index:2;}">
                    <Coords points="541,918 607,918 607,951 541,951"/>
                    <TextEquiv>
                        <Unicode>que</Unicode>
                    </TextEquiv>
                    <TextStyle fontFamily="Times New Roman" fontSize="9.0"/>
                </Word>
                <Word id="w_w2aab1b3b2c25b1b2c25" language="English" custom="readingOrder {index:3;}">
                    <Coords points="622,918 656,918 656,942 622,942"/>
                    <TextEquiv>
                        <Unicode>es</Unicode>
                    </TextEquiv>
                    <TextStyle fontFamily="Times New Roman" fontSize="9.0"/>
                </Word>
                <Word id="w_w2aab1b3b2c25b1b2c31" language="English" custom="readingOrder {index:4;}">
                    <Coords points="677,918 721,918 721,941 677,941"/>
                    <TextEquiv>
                        <Unicode>un</Unicode>
                    </TextEquiv>
                    <TextStyle fontFamily="Times New Roman" fontSize="9.0"/>
                </Word>
                <Word id="w_w2aab1b3b2c25b1b2c37" language="English" custom="readingOrder {index:5;}">
                    <Coords points="743,909 842,909 842,941 743,941"/>
                    <TextEquiv>
                        <Unicode>burro</Unicode>
                    </TextEquiv>
                    <TextStyle fontFamily="Times New Roman" fontSize="9.0"/>
                </Word>
                <Word id="w_w2aab1b3b2c25b1b2c49" language="English" custom="readingOrder {index:6;}">
                    <Coords points="866,908 931,908 931,939 866,939"/>
                    <TextEquiv>
                        <Unicode>mal</Unicode>
                    </TextEquiv>
                    <TextStyle fontFamily="Times New Roman" fontSize="9.0"/>
                </Word>
                <Word id="w_w2aab1b3b2c25b1b2c57" language="English" custom="readingOrder {index:7;}">
                    <Coords points="953,908 1058,908 1058,944 953,944"/>
                    <TextEquiv>
                        <Unicode>reído;</Unicode>
                    </TextEquiv>
                    <TextStyle fontFamily="Times New Roman" fontSize="9.0"/>
                </Word>
                <TextEquiv>
                    <Unicode>Alc. Dígale que es un burro mal reido;</Unicode>
                </TextEquiv>
            </TextLine>
            <TextLine id="tl_21" primaryLanguage="English" custom="readingOrder {index:1;}">
                <Coords points="411,950 1067,950 1067,995 411,995"/>
                <Baseline points="411,994 429,994 499,986 642,989 799,985 887,983 919,982 1067,988"/>
                <Word id="w_w2aab1b3b2c25b3ab1" language="English" custom="readingOrder {index:0;}">
                    <Coords points="411,962 429,962 429,994 411,994"/>
                    <TextEquiv>
                        <Unicode>y</Unicode>
                    </TextEquiv>
                    <TextStyle fontFamily="Times New Roman" fontSize="9.0"/>
                </Word>
                <Word id="w_w2aab1b3b2c25b3ab5" language="English" custom="readingOrder {index:1;}">
                    <Coords points="446,963 499,963 499,986 446,986"/>
                    <TextEquiv>
                        <Unicode>me</Unicode>
                    </TextEquiv>
                    <TextStyle fontFamily="Times New Roman" fontSize="9.0"/>
                </Word>
                <Word id="w_w2aab1b3b2c25b3ac11" language="English" custom="readingOrder {index:2;}">
                    <Coords points="514,957 642,957 642,989 514,989"/>
                    <TextEquiv>
                        <Unicode>atrevo,</Unicode>
                    </TextEquiv>
                    <TextStyle fontFamily="Times New Roman" fontSize="9.0"/>
                </Word>
                <Word id="w_w2aab1b3b2c25b3ac27" language="English" custom="readingOrder {index:3;}">
                    <Coords points="662,953 799,953 799,995 662,995"/>
                    <TextEquiv>
                        <Unicode>poquito</Unicode>
                    </TextEquiv>
                    <TextStyle fontFamily="Times New Roman" fontSize="9.0"/>
                </Word>
                <Word id="w_w2aab1b3b2c25b3ac43" language="English" custom="readingOrder {index:4;}">
                    <Coords points="815,961 887,961 887,984 815,984"/>
                    <TextEquiv>
                        <Unicode>mas</Unicode>
                    </TextEquiv>
                    <TextStyle fontFamily="Times New Roman" fontSize="9.0"/>
                </Word>
                <Word id="w_w2aab1b3b2c25b3ac51" language="English" custom="readingOrder {index:5;}">
                    <Coords points="902,950 919,950 919,982 902,982"/>
                    <TextEquiv>
                        <Unicode>ó</Unicode>
                    </TextEquiv>
                    <TextStyle fontFamily="Times New Roman" fontSize="9.0"/>
                </Word>
                <Word id="w_w2aab1b3b2c25b3ac55" language="English" custom="readingOrder {index:6;}">
                    <Coords points="936,960 1067,960 1067,988 936,988"/>
                    <TextEquiv>
                        <Unicode>menos,</Unicode>
                    </TextEquiv>
                    <TextStyle fontFamily="Times New Roman" fontSize="9.0"/>
                </Word>
                <TextEquiv>
                    <Unicode>y me atrevo, poquito mas ó menos,</Unicode>
                </TextEquiv>
                <TextStyle fontFamily="Times New Roman" fontSize="9.0"/>
            </TextLine>
            <TextLine id="tl_22" primaryLanguage="English" custom="readingOrder {index:2;}">
                <Coords points="410,995 1090,995 1090,1040 410,1040"/>
                <Baseline points="410,1029 429,1029 542,1030 622,1031 679,1031 730,1029 811,1029 867,1028 931,1026 1090,1028"/>
                <Word id="w_w2aab1b3b2c25b5ab1" language="English" custom="readingOrder {index:0;}">
                    <Coords points="410,997 429,997 429,1029 410,1029"/>
                    <TextEquiv>
                        <Unicode>á</Unicode>
                    </TextEquiv>
                    <TextStyle fontFamily="Times New Roman" fontSize="9.0"/>
                </Word>
                <Word id="w_w2aab1b3b2c25b5ab5" language="English" custom="readingOrder {index:1;}">
                    <Coords points="448,998 542,998 542,1040 448,1040"/>
                    <TextEquiv>
                        <Unicode>jurar</Unicode>
                    </TextEquiv>
                    <TextStyle fontFamily="Times New Roman" fontSize="9.0"/>
                </Word>
                <Word id="w_w2aab1b3b2c25b5ac17" language="English" custom="readingOrder {index:2;}">
                    <Coords points="558,1007 622,1007 622,1040 558,1040"/>
                    <TextEquiv>
                        <Unicode>que</Unicode>
                    </TextEquiv>
                    <TextStyle fontFamily="Times New Roman" fontSize="9.0"/>
                </Word>
                <Word id="w_w2aab1b3b2c25b5ac25" language="English" custom="readingOrder {index:3;}">
                    <Coords points="637,1007 679,1007 679,1031 637,1031"/>
                    <TextEquiv>
                        <Unicode>no</Unicode>
                    </TextEquiv>
                    <TextStyle fontFamily="Times New Roman" fontSize="9.0"/>
                </Word>
                <Word id="w_w2aab1b3b2c25b5ac31" language="English" custom="readingOrder {index:4;}">
                    <Coords points="696,1008 730,1008 730,1030 696,1030"/>
                    <TextEquiv>
                        <Unicode>es</Unicode>
                    </TextEquiv>
                    <TextStyle fontFamily="Times New Roman" fontSize="9.0"/>
                </Word>
                <Word id="w_w2aab1b3b2c25b5ac37" language="English" custom="readingOrder {index:5;}">
                    <Coords points="746,997 811,997 811,1038 746,1038"/>
                    <TextEquiv>
                        <Unicode>hijo</Unicode>
                    </TextEquiv>
                    <TextStyle fontFamily="Times New Roman" fontSize="9.0"/>
                </Word>
                <Word id="w_w2aab1b3b2c25b5ac47" language="English" custom="readingOrder {index:6;}">
                    <Coords points="828,996 867,996 867,1028 828,1028"/>
                    <TextEquiv>
                        <Unicode>de</Unicode>
                    </TextEquiv>
                    <TextStyle fontFamily="Times New Roman" fontSize="9.0"/>
                </Word>
                <Word id="w_w2aab1b3b2c25b5ac53" language="English" custom="readingOrder {index:7;}">
                    <Coords points="883,996 931,996 931,1028 883,1028"/>
                    <TextEquiv>
                        <Unicode>los</Unicode>
                    </TextEquiv>
                    <TextStyle fontFamily="Times New Roman" fontSize="9.0"/>
                </Word>
                <Word id="w_w2aab1b3b2c25b5ac61" language="English" custom="readingOrder {index:8;}">
                    <Coords points="950,995 1090,995 1090,1029 950,1029"/>
                    <TextEquiv>
                        <Unicode>buenos.</Unicode>
                    </TextEquiv>
                    <TextStyle fontFamily="Times New Roman" fontSize="9.0"/>
                </Word>
                <TextEquiv>
                    <Unicode>á jurar que no es hijo de los buenos.</Unicode>
                </TextEquiv>
                <TextStyle fontFamily="Times New Roman" fontSize="9.0"/>
            </TextLine>
            <TextEquiv>
                <Unicode>Alc. Dígale que es un burro mal reido;&#13;
y me atrevo, poquito mas ó menos,&#13;
á jurar que no es hijo de los buenos.</Unicode>
            </TextEquiv>
        </TextRegion>
        <TextRegion type="paragraph" id="r_2_14" custom="readingOrder {index:13;}">
            <Coords points="278,1039 863,1039 863,1086 278,1086"/>
            <TextLine id="tl_23" primaryLanguage="English" custom="readingOrder {index:0;}">
                <Coords points="279,1040 862,1040 862,1085 279,1085"/>
                <Baseline points="279,1074 307,1074 434,1074 486,1075 631,1074 712,1074 765,1073 862,1071"/>
                <Word id="w_w2aab1b3b2c27b1ab1" language="English" custom="readingOrder {index:0;}">
                    <Coords points="279,1043 351,1043 351,1075 279,1075"/>
                    <TextEquiv>
                        <Unicode>Esc.</Unicode>
                    </TextEquiv>
                    <TextStyle fontFamily="Times New Roman" fontSize="9.0" italic="true"/>
                </Word>
                <Word id="w_w2aab1b3b2c27b1b1b3" language="English" custom="readingOrder {index:1;}">
                    <Coords points="410,1043 434,1043 434,1074 410,1074"/>
                    <TextEquiv>
                        <Unicode>Y</Unicode>
                    </TextEquiv>
                    <TextStyle fontFamily="Times New Roman" fontSize="9.0"/>
                </Word>
                <Word id="w_w2aab1b3b2c27b1b1b7" language="English" custom="readingOrder {index:2;}">
                    <Coords points="455,1043 486,1043 486,1075 455,1075"/>
                    <TextEquiv>
                        <Unicode>el</Unicode>
                    </TextEquiv>
                    <TextStyle fontFamily="Times New Roman" fontSize="9.0"/>
                </Word>
                <Word id="w_w2aab1b3b2c27b1b1c13" language="English" custom="readingOrder {index:3;}">
                    <Coords points="501,1042 631,1042 631,1075 501,1075"/>
                    <TextEquiv>
                        <Unicode>borrico</Unicode>
                    </TextEquiv>
                    <TextStyle fontFamily="Times New Roman" fontSize="9.0"/>
                </Word>
                <Word id="w_w2aab1b3b2c27b1b1c29" language="English" custom="readingOrder {index:4;}">
                    <Coords points="647,1051 712,1051 712,1085 647,1085"/>
                    <TextEquiv>
                        <Unicode>que</Unicode>
                    </TextEquiv>
                    <TextStyle fontFamily="Times New Roman" fontSize="9.0"/>
                </Word>
                <Word id="w_w2aab1b3b2c27b1b1c37" language="English" custom="readingOrder {index:5;}">
                    <Coords points="730,1051 765,1051 765,1075 730,1075"/>
                    <TextEquiv>
                        <Unicode>os</Unicode>
                    </TextEquiv>
                    <TextStyle fontFamily="Times New Roman" fontSize="9.0"/>
                </Word>
                <Word id="w_w2aab1b3b2c27b1b1c43" language="English" custom="readingOrder {index:6;}">
                    <Coords points="781,1040 862,1040 862,1082 781,1082"/>
                    <TextEquiv>
                        <Unicode>dijo?</Unicode>
                    </TextEquiv>
                    <TextStyle fontFamily="Times New Roman" fontSize="9.0"/>
                </Word>
                <TextEquiv>
                    <Unicode>Esc. Y el borrico que os dijo?</Unicode>
                </TextEquiv>
            </TextLine>
            <TextEquiv>
                <Unicode>Esc. Y el borrico que os dijo?</Unicode>
            </TextEquiv>
        </TextRegion>
        <TextRegion type="paragraph" id="r_2_15" custom="readingOrder {index:14;}">
            <Coords points="276,1085 731,1085 731,1123 276,1123"/>
            <TextLine id="tl_24" primaryLanguage="English" custom="readingOrder {index:0;}">
                <Coords points="277,1086 730,1086 730,1122 277,1122"/>
                <Baseline points="277,1119 302,1119 468,1118 519,1117 579,1118 730,1122"/>
                <Word id="w_w2aab1b3b2c29b1ab1" language="English" custom="readingOrder {index:0;}">
                    <Coords points="277,1088 350,1088 350,1119 277,1119"/>
                    <TextEquiv>
                        <Unicode>Ale.</Unicode>
                    </TextEquiv>
                    <TextStyle fontFamily="Times New Roman" fontSize="9.0" italic="true"/>
                </Word>
                <Word id="w_w2aab1b3b2c29b1b1b3" language="English" custom="readingOrder {index:1;}">
                    <Coords points="409,1087 468,1087 468,1118 409,1118"/>
                    <TextEquiv>
                        <Unicode>Esc</Unicode>
                    </TextEquiv>
                    <TextStyle fontFamily="Times New Roman" fontSize="9.0"/>
                </Word>
                <Word id="w_w2aab1b3b2c29b1b1c11" language="English" custom="readingOrder {index:2;}">
                    <Coords points="485,1096 519,1096 519,1118 485,1118"/>
                    <TextEquiv>
                        <Unicode>es</Unicode>
                    </TextEquiv>
                    <TextStyle fontFamily="Times New Roman" fontSize="9.0"/>
                </Word>
                <Word id="w_w2aab1b3b2c29b1b1c17" language="English" custom="readingOrder {index:3;}">
                    <Coords points="535,1087 579,1087 579,1118 535,1118"/>
                    <TextEquiv>
                        <Unicode>mi</Unicode>
                    </TextEquiv>
                    <TextStyle fontFamily="Times New Roman" fontSize="9.0"/>
                </Word>
                <Word id="w_w2aab1b3b2c29b1b1c23" language="English" custom="readingOrder {index:4;}">
                    <Coords points="595,1086 730,1086 730,1122 595,1122"/>
                    <TextEquiv>
                        <Unicode>enfado,</Unicode>
                    </TextEquiv>
                    <TextStyle fontFamily="Times New Roman" fontSize="9.0"/>
                </Word>
                <TextEquiv>
                    <Unicode>Alc. Ese es mi enfado,</Unicode>
                </TextEquiv>
            </TextLine>
            <TextEquiv>
                <Unicode>Alc. Ese es mi enfado,</Unicode>
            </TextEquiv>
        </TextRegion>
        <TextRegion type="paragraph" id="r_2_16" custom="readingOrder {index:15;}">
            <Coords points="409,1125 1110,1125 1110,1218 409,1218"/>
            <TextLine id="tl_25" primaryLanguage="English" custom="readingOrder {index:0;}">
                <Coords points="411,1126 1109,1126 1109,1172 411,1172"/>
                <Baseline points="411,1172 476,1163 539,1163 609,1162 695,1161 800,1161 847,1160 930,1160 1109,1170"/>
                <Word id="w_w2aab1b3b2c31b1ab1" language="English" custom="readingOrder {index:0;}">
                    <Coords points="411,1139 476,1139 476,1172 411,1172"/>
                    <TextEquiv>
                        <Unicode>que</Unicode>
                    </TextEquiv>
                    <TextStyle fontFamily="Times New Roman" fontSize="9.0"/>
                </Word>
                <Word id="w_w2aab1b3b2c31b1ab9" language="English" custom="readingOrder {index:1;}">
                    <Coords points="497,1139 539,1139 539,1163 497,1163"/>
                    <TextEquiv>
                        <Unicode>no</Unicode>
                    </TextEquiv>
                    <TextStyle fontFamily="Times New Roman" fontSize="9.0"/>
                </Word>
                <Word id="w_w2aab1b3b2c31b1ac15" language="English" custom="readingOrder {index:2;}">
                    <Coords points="555,1139 609,1139 609,1162 555,1162"/>
                    <TextEquiv>
                        <Unicode>me</Unicode>
                    </TextEquiv>
                    <TextStyle fontFamily="Times New Roman" fontSize="9.0"/>
                </Word>
                <Word id="w_w2aab1b3b2c31b1ac21" language="English" custom="readingOrder {index:3;}">
                    <Coords points="630,1129 695,1129 695,1172 630,1172"/>
                    <TextEquiv>
                        <Unicode>dijo</Unicode>
                    </TextEquiv>
                    <TextStyle fontFamily="Times New Roman" fontSize="9.0"/>
                </Word>
                <Word id="w_w2aab1b3b2c31b1ac31" language="English" custom="readingOrder {index:4;}">
                    <Coords points="712,1129 800,1129 800,1172 712,1172"/>
                    <TextEquiv>
                        <Unicode>(bien</Unicode>
                    </TextEquiv>
                    <TextStyle fontFamily="Times New Roman" fontSize="9.0"/>
                </Word>
                <Word id="w_w2aab1b3b2c31b1ac43" language="English" custom="readingOrder {index:5;}">
                    <Coords points="816,1128 847,1128 847,1161 816,1161"/>
                    <TextEquiv>
                        <Unicode>ni</Unicode>
                    </TextEquiv>
                    <TextStyle fontFamily="Times New Roman" fontSize="9.0"/>
                </Word>
                <Word id="w_w2aab1b3b2c31b1ac49" language="English" custom="readingOrder {index:6;}">
                    <Coords points="864,1128 930,1128 930,1160 864,1160"/>
                    <TextEquiv>
                        <Unicode>mal</Unicode>
                    </TextEquiv>
                    <TextStyle fontFamily="Times New Roman" fontSize="9.0"/>
                </Word>
                <Word id="w_w2aab1b3b2c31b1ac57" language="English" custom="readingOrder {index:7;}">
                    <Coords points="951,1126 1109,1126 1109,1170 951,1170"/>
                    <TextEquiv>
                        <Unicode>babeado)</Unicode>
                    </TextEquiv>
                    <TextStyle fontFamily="Times New Roman" fontSize="9.0"/>
                </Word>
                <TextEquiv>
                    <Unicode>que no me dijo (bien ni mal habrado)</Unicode>
                </TextEquiv>
                <TextStyle fontFamily="Times New Roman" fontSize="9.0"/>
            </TextLine>
            <TextLine id="tl_26" primaryLanguage="English" custom="readingOrder {index:1;}">
                <Coords points="410,1173 765,1173 765,1217 410,1217"/>
                <Baseline points="410,1217 557,1207 607,1206 765,1206"/>
                <Word id="w_w2aab1b3b2c31b3ab1" language="English" custom="readingOrder {index:0;}">
                    <Coords points="410,1175 557,1175 557,1217 410,1217"/>
                    <TextEquiv>
                        <Unicode>perdone</Unicode>
                    </TextEquiv>
                    <TextStyle fontFamily="Times New Roman" fontSize="9.0"/>
                </Word>
                <Word id="w_w2aab1b3b2c31b3ac17" language="English" custom="readingOrder {index:1;}">
                    <Coords points="570,1184 607,1184 607,1206 570,1206"/>
                    <TextEquiv>
                        <Unicode>su</Unicode>
                    </TextEquiv>
                    <TextStyle fontFamily="Times New Roman" fontSize="9.0"/>
                </Word>
                <Word id="w_w2aab1b3b2c31b3ac23" language="English" custom="readingOrder {index:2;}">
                    <Coords points="625,1173 765,1173 765,1207 625,1207"/>
                    <TextEquiv>
                        <Unicode>mested.</Unicode>
                    </TextEquiv>
                    <TextStyle fontFamily="Times New Roman" fontSize="9.0"/>
                </Word>
                <TextEquiv>
                    <Unicode>perdone su mested.</Unicode>
                </TextEquiv>
                <TextStyle fontFamily="Times New Roman" fontSize="9.0"/>
            </TextLine>
            <TextEquiv>
                <Unicode>que no me dijo (bien ni mal habrado)&#13;
perdone su mested.</Unicode>
            </TextEquiv>
        </TextRegion>
        <TextRegion type="paragraph" id="r_2_17" custom="readingOrder {index:16;}">
            <Coords points="276,1217 687,1217 687,1262 276,1262"/>
            <TextLine id="tl_27" primaryLanguage="English" custom="readingOrder {index:0;}">
                <Coords points="277,1218 686,1218 686,1261 277,1261"/>
                <Baseline points="277,1252 307,1252 470,1252 545,1251 686,1251"/>
                <Word id="w_w2aab1b3b2c33b1ab1" language="English" custom="readingOrder {index:0;}">
                    <Coords points="277,1220 352,1220 352,1252 277,1252"/>
                    <TextEquiv>
                        <Unicode>Esc.</Unicode>
                    </TextEquiv>
                    <TextStyle fontFamily="Times New Roman" fontSize="9.0" italic="true"/>
                </Word>
                <Word id="w_w2aab1b3b2c33b1b1b3" language="English" custom="readingOrder {index:1;}">
                    <Coords points="411,1221 470,1221 470,1252 411,1252"/>
                    <TextEquiv>
                        <Unicode>biso</Unicode>
                    </TextEquiv>
                    <TextStyle fontFamily="Times New Roman" fontSize="9.0"/>
                </Word>
                <Word id="w_w2aab1b3b2c33b1b1c13" language="English" custom="readingOrder {index:2;}">
                    <Coords points="487,1228 545,1228 545,1252 487,1252"/>
                    <TextEquiv>
                        <Unicode>ton</Unicode>
                    </TextEquiv>
                    <TextStyle fontFamily="Times New Roman" fontSize="9.0"/>
                </Word>
                <Word id="w_w2aab1b3b2c33b1b1c21" language="English" custom="readingOrder {index:3;}">
                    <Coords points="561,1218 686,1218 686,1261 561,1261"/>
                    <TextEquiv>
                        <Unicode>quejas.</Unicode>
                    </TextEquiv>
                    <TextStyle fontFamily="Times New Roman" fontSize="9.0"/>
                </Word>
                <TextEquiv>
                    <Unicode>Esc. Eso son quejas.</Unicode>
                </TextEquiv>
            </TextLine>
            <TextEquiv>
                <Unicode>Esc. Eso son quejas.</Unicode>
            </TextEquiv>
        </TextRegion>
        <TextRegion type="paragraph" id="r_2_18" custom="readingOrder {index:17;}">
            <Coords points="275,1259 1028,1259 1028,1307 275,1307"/>
            <TextLine id="tl_28" primaryLanguage="English" custom="readingOrder {index:0;}">
                <Coords points="276,1260 1027,1260 1027,1306 276,1306"/>
                <Baseline points="276,1296 304,1296 441,1296 523,1295 599,1299 679,1296 753,1300 831,1293 895,1293 1027,1292"/>
                <Word id="w_w2aab1b3b2c35b1ab1" language="English" custom="readingOrder {index:0;}">
                    <Coords points="276,1265 349,1265 349,1296 276,1296"/>
                    <TextEquiv>
                        <Unicode>Ale.</Unicode>
                    </TextEquiv>
                    <TextStyle fontFamily="Times New Roman" fontSize="9.0" italic="true"/>
                </Word>
                <Word id="w_w2aab1b3b2c35b1b1b3" language="English" custom="readingOrder {index:1;}">
                    <Coords points="409,1264 441,1264 441,1296 409,1296"/>
                    <TextEquiv>
                        <Unicode>Si</Unicode>
                    </TextEquiv>
                    <TextStyle fontFamily="Times New Roman" fontSize="9.0"/>
                </Word>
                <Word id="w_w2aab1b3b2c35b1b1b9" language="English" custom="readingOrder {index:2;}">
                    <Coords points="457,1263 523,1263 523,1306 457,1306"/>
                    <TextEquiv>
                        <Unicode>dijo</Unicode>
                    </TextEquiv>
                    <TextStyle fontFamily="Times New Roman" fontSize="9.0"/>
                </Word>
                <Word id="w_w2aab1b3b2c35b1b1c19" language="English" custom="readingOrder {index:3;}">
                    <Coords points="539,1273 599,1273 599,1299 539,1299"/>
                    <TextEquiv>
                        <Unicode>asi,</Unicode>
                    </TextEquiv>
                    <TextStyle fontFamily="Times New Roman" fontSize="9.0"/>
                </Word>
                <Word id="w_w2aab1b3b2c35b1b1c29" language="English" custom="readingOrder {index:4;}">
                    <Coords points="616,1273 679,1273 679,1305 616,1305"/>
                    <TextEquiv>
                        <Unicode>que</Unicode>
                    </TextEquiv>
                    <TextStyle fontFamily="Times New Roman" fontSize="9.0"/>
                </Word>
                <Word id="w_w2aab1b3b2c35b1b1c37" language="English" custom="readingOrder {index:5;}">
                    <Coords points="696,1261 753,1261 753,1300 696,1300"/>
                    <TextEquiv>
                        <Unicode>nó,</Unicode>
                    </TextEquiv>
                    <TextStyle fontFamily="Times New Roman" fontSize="9.0"/>
                </Word>
                <Word id="w_w2aab1b3b2c35b1b1c45" language="English" custom="readingOrder {index:6;}">
                    <Coords points="770,1271 831,1271 831,1294 770,1294"/>
                    <TextEquiv>
                        <Unicode>con</Unicode>
                    </TextEquiv>
                    <TextStyle fontFamily="Times New Roman" fontSize="9.0"/>
                </Word>
                <Word id="w_w2aab1b3b2c35b1b1c53" language="English" custom="readingOrder {index:7;}">
                    <Coords points="848,1262 895,1262 895,1293 848,1293"/>
                    <TextEquiv>
                        <Unicode>las</Unicode>
                    </TextEquiv>
                    <TextStyle fontFamily="Times New Roman" fontSize="9.0"/>
                </Word>
                <Word id="w_w2aab1b3b2c35b1b1c61" language="English" custom="readingOrder {index:8;}">
                    <Coords points="910,1260 1027,1260 1027,1301 910,1301"/>
                    <TextEquiv>
                        <Unicode>orejas.</Unicode>
                    </TextEquiv>
                    <TextStyle fontFamily="Times New Roman" fontSize="9.0"/>
                </Word>
                <TextEquiv>
                    <Unicode>Alc. Si díjo asi, que nó, con las orejas.</Unicode>
                </TextEquiv>
            </TextLine>
            <TextEquiv>
                <Unicode>Alc. Si díjo asi, que nó, con las orejas.</Unicode>
            </TextEquiv>
        </TextRegion>
        <TextRegion type="paragraph" id="r_2_19" custom="readingOrder {index:18;}">
            <Coords points="277,1302 1048,1302 1048,1352 277,1352"/>
            <TextLine id="tl_29" primaryLanguage="English" custom="readingOrder {index:0;}">
                <Coords points="278,1303 1047,1303 1047,1351 278,1351"/>
                <Baseline points="278,1340 306,1340 492,1340 539,1340 594,1340 675,1340 742,1339 886,1338 1047,1337"/>
                <Word id="w_w2aab1b3b2c37b1ab1" language="English" custom="readingOrder {index:0;}">
                    <Coords points="278,1309 351,1309 351,1341 278,1341"/>
                    <TextEquiv>
                        <Unicode>Esc.</Unicode>
                    </TextEquiv>
                    <TextStyle fontFamily="Times New Roman" fontSize="9.0" italic="true"/>
                </Word>
                <Word id="w_w2aab1b3b2c37b1b1b3" language="English" custom="readingOrder {index:1;}">
                    <Coords points="410,1311 540,1310 540,1350 410,1351"/>
                    <TextEquiv>
                        <Unicode>Aqu;</Unicode>
                    </TextEquiv>
                    <TextStyle fontFamily="Times New Roman" fontSize="9.0"/>
                </Word>
                <Word id="w_w2aab1b3b2c37b1b1c19" language="English" custom="readingOrder {index:2;}">
                    <Coords points="559,1317 594,1317 594,1341 559,1341"/>
                    <TextEquiv>
                        <Unicode>es</Unicode>
                    </TextEquiv>
                    <TextStyle fontFamily="Times New Roman" fontSize="9.0"/>
                </Word>
                <Word id="w_w2aab1b3b2c37b1b1c25" language="English" custom="readingOrder {index:3;}">
                    <Coords points="611,1316 675,1316 675,1349 611,1349"/>
                    <TextEquiv>
                        <Unicode>que</Unicode>
                    </TextEquiv>
                    <TextStyle fontFamily="Times New Roman" fontSize="9.0"/>
                </Word>
                <Word id="w_w2aab1b3b2c37b1b1c33" language="English" custom="readingOrder {index:4;}">
                    <Coords points="694,1307 742,1307 742,1339 694,1339"/>
                    <TextEquiv>
                        <Unicode>las</Unicode>
                    </TextEquiv>
                    <TextStyle fontFamily="Times New Roman" fontSize="9.0"/>
                </Word>
                <Word id="w_w2aab1b3b2c37b1b1c41" language="English" custom="readingOrder {index:5;}">
                    <Coords points="757,1315 886,1315 886,1339 757,1339"/>
                    <TextEquiv>
                        <Unicode>moscas</Unicode>
                    </TextEquiv>
                    <TextStyle fontFamily="Times New Roman" fontSize="9.0"/>
                </Word>
                <Word id="w_w2aab1b3b2c37b1b1c55" language="English" custom="readingOrder {index:6;}">
                    <Coords points="900,1303 1047,1303 1047,1338 900,1338"/>
                    <TextEquiv>
                        <Unicode>sacudía.</Unicode>
                    </TextEquiv>
                    <TextStyle fontFamily="Times New Roman" fontSize="9.0"/>
                </Word>
                <TextEquiv>
                    <Unicode>Esc. Aqueso es que las moscas sacudía.</Unicode>
                </TextEquiv>
            </TextLine>
            <TextEquiv>
                <Unicode>Esc. Aqueso es que las moscas sacudía.</Unicode>
            </TextEquiv>
        </TextRegion>
        <TextRegion type="paragraph" id="r_2_20" custom="readingOrder {index:19;}">
            <Coords points="277,1350 830,1350 830,1390 277,1390"/>
            <TextLine id="tl_30" primaryLanguage="English" custom="readingOrder {index:0;}">
                <Coords points="278,1351 829,1351 829,1389 278,1389"/>
                <Baseline points="278,1385 304,1385 605,1389 669,1383 829,1383"/>
                <Word id="w_w2aab1b3b2c39b1ab1" language="English" custom="readingOrder {index:0;}">
                    <Coords points="278,1355 352,1355 352,1385 278,1385"/>
                    <TextEquiv>
                        <Unicode>Ale.</Unicode>
                    </TextEquiv>
                    <TextStyle fontFamily="Times New Roman" fontSize="9.0" italic="true"/>
                </Word>
                <Word id="w_w2aab1b3b2c39b1b1b3" language="English" custom="readingOrder {index:1;}">
                    <Coords points="410,1353 605,1353 605,1389 410,1389"/>
                    <TextEquiv>
                        <Unicode>Escribano,</Unicode>
                    </TextEquiv>
                    <TextStyle fontFamily="Times New Roman" fontSize="9.0"/>
                </Word>
                <Word id="w_w2aab1b3b2c39b1b1c25" language="English" custom="readingOrder {index:2;}">
                    <Coords points="627,1361 669,1361 669,1385 627,1385"/>
                    <TextEquiv>
                        <Unicode>en</Unicode>
                    </TextEquiv>
                    <TextStyle fontFamily="Times New Roman" fontSize="9.0"/>
                </Word>
                <Word id="w_w2aab1b3b2c39b1b1c31" language="English" custom="readingOrder {index:3;}">
                    <Coords points="691,1351 829,1351 829,1384 691,1384"/>
                    <TextEquiv>
                        <Unicode>verdad?</Unicode>
                    </TextEquiv>
                    <TextStyle fontFamily="Times New Roman" fontSize="9.0"/>
                </Word>
                <TextEquiv>
                    <Unicode>Alc. Escribano, en verdad?</Unicode>
                </TextEquiv>
            </TextLine>
            <TextEquiv>
                <Unicode>Alc. Escribano, en verdad?</Unicode>
            </TextEquiv>
        </TextRegion>
        <TextRegion type="paragraph" id="r_2_21" custom="readingOrder {index:20;}">
            <Coords points="274,1395 659,1395 659,1431 274,1431"/>
            <TextLine id="tl_31" primaryLanguage="English" custom="readingOrder {index:0;}">
                <Coords points="275,1396 658,1396 658,1430 275,1430"/>
                <Baseline points="275,1429 306,1429 474,1429 563,1428 658,1427"/>
                <Word id="w_w2aab1b3b2c41b1ab1" language="English" custom="readingOrder {index:0;}">
                    <Coords points="275,1397 351,1397 351,1430 275,1430"/>
                    <TextEquiv>
                        <Unicode>Esc.</Unicode>
                    </TextEquiv>
                    <TextStyle fontFamily="Times New Roman" fontSize="9.0" italic="true"/>
                </Word>
                <Word id="w_w2aab1b3b2c41b1b1b3" language="English" custom="readingOrder {index:1;}">
                    <Coords points="412,1398 474,1398 474,1430 412,1430"/>
                    <TextEquiv>
                        <Unicode>Por</Unicode>
                    </TextEquiv>
                    <TextStyle fontFamily="Times New Roman" fontSize="9.0"/>
                </Word>
                <Word id="w_w2aab1b3b2c41b1b1c11" language="English" custom="readingOrder {index:2;}">
                    <Coords points="492,1397 563,1397 563,1428 492,1428"/>
                    <TextEquiv>
                        <Unicode>vida</Unicode>
                    </TextEquiv>
                    <TextStyle fontFamily="Times New Roman" fontSize="9.0"/>
                </Word>
                <Word id="w_w2aab1b3b2c41b1b1c21" language="English" custom="readingOrder {index:3;}">
                    <Coords points="582,1396 658,1396 658,1428 582,1428"/>
                    <TextEquiv>
                        <Unicode>mia.</Unicode>
                    </TextEquiv>
                    <TextStyle fontFamily="Times New Roman" fontSize="9.0"/>
                </Word>
                <TextEquiv>
                    <Unicode>Esc. Por vida mia.</Unicode>
                </TextEquiv>
            </TextLine>
            <TextEquiv>
                <Unicode>Esc. Por vida mia.</Unicode>
            </TextEquiv>
        </TextRegion>
        <TextRegion type="paragraph" id="r_2_22" custom="readingOrder {index:21;}">
            <Coords points="275,1440 681,1440 681,1485 275,1485"/>
            <TextLine id="tl_32" primaryLanguage="English" custom="readingOrder {index:0;}">
                <Coords points="276,1441 680,1441 680,1484 276,1484"/>
                <Baseline points="276,1473 302,1473 475,1474 539,1474 587,1473 680,1473"/>
                <Word id="w_w2aab1b3b2c43b1ab1" language="English" custom="readingOrder {index:0;}">
                    <Coords points="276,1442 347,1442 347,1474 276,1474"/>
                    <TextEquiv>
                        <Unicode>Ale.</Unicode>
                    </TextEquiv>
                    <TextStyle fontFamily="Times New Roman" fontSize="9.0" italic="true"/>
                </Word>
                <Word id="w_w2aab1b3b2c43b1b1b3" language="English" custom="readingOrder {index:1;}">
                    <Coords points="409,1442 475,1442 475,1474 409,1474"/>
                    <TextEquiv>
                        <Unicode>Con</Unicode>
                    </TextEquiv>
                    <TextStyle fontFamily="Times New Roman" fontSize="9.0"/>
                </Word>
                <Word id="w_w2aab1b3b2c43b1b1c11" language="English" custom="readingOrder {index:2;}">
                    <Coords points="492,1442 539,1442 539,1475 492,1475"/>
                    <TextEquiv>
                        <Unicode>las</Unicode>
                    </TextEquiv>
                    <TextStyle fontFamily="Times New Roman" fontSize="9.0"/>
                </Word>
                <Word id="w_w2aab1b3b2c43b1b1c19" language="English" custom="readingOrder {index:3;}">
                    <Coords points="559,1453 587,1453 587,1474 559,1474"/>
                    <TextEquiv>
                        <Unicode>o.</Unicode>
                    </TextEquiv>
                    <TextStyle fontFamily="Times New Roman" fontSize="9.0"/>
                </Word>
                <Word id="w_w2aab1b3b2c43b1b1c25" language="English" custom="readingOrder {index:4;}">
                    <Coords points="597,1441 680,1441 680,1484 597,1484"/>
                    <TextEquiv>
                        <Unicode>ejas?</Unicode>
                    </TextEquiv>
                    <TextStyle fontFamily="Times New Roman" fontSize="9.0"/>
                </Word>
                <TextEquiv>
                    <Unicode>Alc. Con las o ejas?</Unicode>
                </TextEquiv>
            </TextLine>
            <TextEquiv>
                <Unicode>Alc. Con las o ejas?</Unicode>
            </TextEquiv>
        </TextRegion>
        <TextRegion type="paragraph" id="r_2_23" custom="readingOrder {index:22;}">
            <Coords points="273,1486 452,1486 452,1520 273,1520"/>
            <TextLine id="tl_33" primaryLanguage="English" custom="readingOrder {index:0;}">
                <Coords points="274,1487 451,1487 451,1519 274,1519"/>
                <Baseline points="274,1518 304,1518 451,1518"/>
                <Word id="w_w2aab1b3b2c45b1ab1" language="English" custom="readingOrder {index:0;}">
                    <Coords points="274,1487 349,1487 349,1519 274,1519"/>
                    <TextEquiv>
                        <Unicode>Esc.</Unicode>
                    </TextEquiv>
                    <TextStyle fontFamily="Times New Roman" fontSize="9.0" italic="true"/>
                </Word>
                <Word id="w_w2aab1b3b2c45b1b1b3" language="English" custom="readingOrder {index:1;}">
                    <Coords points="410,1487 451,1487 451,1518 410,1518"/>
                    <TextEquiv>
                        <Unicode>Si.</Unicode>
                    </TextEquiv>
                    <TextStyle fontFamily="Times New Roman" fontSize="9.0"/>
                </Word>
                <TextEquiv>
                    <Unicode>Esc. Si.</Unicode>
                </TextEquiv>
            </TextLine>
            <TextEquiv>
                <Unicode>Esc. Si.</Unicode>
            </TextEquiv>
        </TextRegion>
        <TextRegion type="paragraph" id="r_2_24" custom="readingOrder {index:23;}">
            <Coords points="273,1528 679,1528 679,1564 273,1564"/>
            <TextLine id="tl_34" primaryLanguage="English" custom="readingOrder {index:0;}">
                <Coords points="274,1529 678,1529 678,1563 274,1563"/>
                <Baseline points="274,1562 300,1562 503,1562 678,1561"/>
                <Word id="w_w2aab1b3b2c47b1ab1" language="English" custom="readingOrder {index:0;}">
                    <Coords points="274,1531 346,1531 346,1563 274,1563"/>
                    <TextEquiv>
                        <Unicode>Ále.</Unicode>
                    </TextEquiv>
                    <TextStyle fontFamily="Times New Roman" fontSize="9.0" italic="true"/>
                </Word>
                <Word id="w_w2aab1b3b2c47b1b1b3" language="English" custom="readingOrder {index:1;}">
                    <Coords points="405,1529 503,1529 503,1563 405,1563"/>
                    <TextEquiv>
                        <Unicode>Linda</Unicode>
                    </TextEquiv>
                    <TextStyle fontFamily="Times New Roman" fontSize="9.0"/>
                </Word>
                <Word id="w_w2aab1b3b2c47b1b1c15" language="English" custom="readingOrder {index:2;}">
                    <Coords points="520,1530 678,1530 678,1563 520,1563"/>
                    <TextEquiv>
                        <Unicode>mamola!</Unicode>
                    </TextEquiv>
                    <TextStyle fontFamily="Times New Roman" fontSize="9.0"/>
                </Word>
                <TextEquiv>
                    <Unicode>Alc. Linda mamola!</Unicode>
                </TextEquiv>
            </TextLine>
            <TextEquiv>
                <Unicode>Alc. Linda mamola!</Unicode>
            </TextEquiv>
        </TextRegion>
        <TextRegion type="paragraph" id="r_2_25" custom="readingOrder {index:24;}">
            <Coords points="405,1572 1113,1572 1113,1617 405,1617"/>
            <TextLine id="tl_35" primaryLanguage="English" custom="readingOrder {index:0;}">
                <Coords points="406,1573 1112,1573 1112,1616 406,1616"/>
                <Baseline points="406,1616 486,1607 544,1606 647,1606 674,1601 725,1605 874,1602 951,1603 993,1603 1063,1604 1112,1603"/>
                <Word id="w_w2aab1b3b2c49b1ab1" language="English" custom="readingOrder {index:0;}">
                    <Coords points="406,1582 486,1582 486,1616 406,1616"/>
                    <TextEquiv>
                        <Unicode>pues</Unicode>
                    </TextEquiv>
                    <TextStyle fontFamily="Times New Roman" fontSize="9.0"/>
                </Word>
                <Word id="w_w2aab1b3b2c49b1ac11" language="English" custom="readingOrder {index:1;}">
                    <Coords points="502,1584 544,1584 544,1607 502,1607"/>
                    <TextEquiv>
                        <Unicode>no</Unicode>
                    </TextEquiv>
                    <TextStyle fontFamily="Times New Roman" fontSize="9.0"/>
                </Word>
                <Word id="w_w2aab1b3b2c49b1ac17" language="English" custom="readingOrder {index:2;}">
                    <Coords points="561,1575 647,1575 647,1615 561,1615"/>
                    <TextEquiv>
                        <Unicode>pudo</Unicode>
                    </TextEquiv>
                    <TextStyle fontFamily="Times New Roman" fontSize="9.0"/>
                </Word>
                <Word id="w_w2aab1b3b2c49b1ac31" language="English" custom="readingOrder {index:3;}">
                    <Coords points="689,1583 725,1583 725,1605 689,1605"/>
                    <TextEquiv>
                        <Unicode>so</Unicode>
                    </TextEquiv>
                    <TextStyle fontFamily="Times New Roman" fontSize="9.0"/>
                </Word>
                <Word id="w_w2aab1b3b2c49b1ac37" language="English" custom="readingOrder {index:4;}">
                    <Coords points="745,1573 874,1573 874,1605 745,1605"/>
                    <TextEquiv>
                        <Unicode>hacedlo</Unicode>
                    </TextEquiv>
                    <TextStyle fontFamily="Times New Roman" fontSize="9.0"/>
                </Word>
                <Word id="w_w2aab1b3b2c49b1ac53" language="English" custom="readingOrder {index:5;}">
                    <Coords points="891,1580 951,1580 951,1604 891,1604"/>
                    <TextEquiv>
                        <Unicode>con</Unicode>
                    </TextEquiv>
                    <TextStyle fontFamily="Times New Roman" fontSize="9.0"/>
                </Word>
                <Word id="w_w2aab1b3b2c49b1ac61" language="English" custom="readingOrder {index:6;}">
                    <Coords points="975,1573 993,1573 993,1603 975,1603"/>
                    <TextEquiv>
                        <Unicode>1;</Unicode>
                    </TextEquiv>
                    <TextStyle fontFamily="Times New Roman" fontSize="9.0"/>
                </Word>
                <Word id="w_w2aab1b3b2c49b1ac67" language="English" custom="readingOrder {index:7;}">
                    <Coords points="1024,1580 1063,1580 1063,1604 1024,1604"/>
                    <TextEquiv>
                        <Unicode>co</Unicode>
                    </TextEquiv>
                    <TextStyle fontFamily="Times New Roman" fontSize="9.0"/>
                </Word>
                <Word id="w_w2aab1b3b2c49b1ac73" language="English" custom="readingOrder {index:8;}">
                    <Coords points="1089,1573 1112,1573 1112,1603 1089,1603"/>
                    <TextEquiv>
                        <Unicode>i?</Unicode>
                    </TextEquiv>
                    <TextStyle fontFamily="Times New Roman" fontSize="9.0"/>
                </Word>
                <TextEquiv>
                    <Unicode>pues no pudo so hacello con la co ?</Unicode>
                </TextEquiv>
                <TextStyle fontFamily="Times New Roman" fontSize="9.0"/>
            </TextLine>
            <TextEquiv>
                <Unicode>pues no pudo so hacello con la co ?</Unicode>
            </TextEquiv>
        </TextRegion>
        <TextRegion type="paragraph" id="r_2_26" custom="readingOrder {index:25;}">
            <Coords points="271,1614 1125,1614 1125,1658 271,1658"/>
            <TextLine id="tl_36" primaryLanguage="English" custom="readingOrder {index:0;}">
                <Coords points="272,1615 1124,1615 1124,1657 272,1657"/>
                <Baseline points="272,1651 302,1651 452,1650 535,1654 594,1649 650,1649 736,1653 794,1648 884,1657 974,1648 1067,1648 1124,1647"/>
                <Word id="w_w2aab1b3b2c51b1ab1" language="English" custom="readingOrder {index:0;}">
                    <Coords points="272,1619 347,1619 347,1651 272,1651"/>
                    <TextEquiv>
                        <Unicode>Esc.</Unicode>
                    </TextEquiv>
                    <TextStyle fontFamily="Times New Roman" fontSize="9.0" italic="true"/>
                </Word>
                <Word id="w_w2aab1b3b2c51b1b1b3" language="English" custom="readingOrder {index:1;}">
                    <Coords points="408,1620 452,1620 452,1650 408,1650"/>
                    <TextEquiv>
                        <Unicode>En</Unicode>
                    </TextEquiv>
                    <TextStyle fontFamily="Times New Roman" fontSize="9.0"/>
                </Word>
                <Word id="w_w2aab1b3b2c51b1b1b9" language="English" custom="readingOrder {index:2;}">
                    <Coords points="477,1621 535,1621 535,1654 477,1654"/>
                    <TextEquiv>
                        <Unicode>lin,</Unicode>
                    </TextEquiv>
                    <TextStyle fontFamily="Times New Roman" fontSize="9.0"/>
                </Word>
                <Word id="w_w2aab1b3b2c51b1b1c19" language="English" custom="readingOrder {index:3;}">
                    <Coords points="559,1628 594,1628 594,1649 559,1649"/>
                    <TextEquiv>
                        <Unicode>&lt;s</Unicode>
                    </TextEquiv>
                    <TextStyle fontFamily="Times New Roman" fontSize="9.0"/>
                </Word>
                <Word id="w_w2aab1b3b2c51b1b1c25" language="English" custom="readingOrder {index:4;}">
                    <Coords points="623,1618 650,1618 650,1649 623,1649"/>
                    <TextEquiv>
                        <Unicode>bi</Unicode>
                    </TextEquiv>
                    <TextStyle fontFamily="Times New Roman" fontSize="9.0"/>
                </Word>
                <Word id="w_w2aab1b3b2c51b1b1c31" language="English" custom="readingOrder {index:5;}">
                    <Coords points="668,1627 736,1627 736,1653 668,1653"/>
                    <TextEquiv>
                        <Unicode>no,</Unicode>
                    </TextEquiv>
                    <TextStyle fontFamily="Times New Roman" fontSize="9.0"/>
                </Word>
                <Word id="w_w2aab1b3b2c51b1b1c39" language="English" custom="readingOrder {index:6;}">
                    <Coords points="756,1627 794,1627 794,1648 756,1648"/>
                    <TextEquiv>
                        <Unicode>no</Unicode>
                    </TextEquiv>
                    <TextStyle fontFamily="Times New Roman" fontSize="9.0"/>
                </Word>
                <Word id="w_w2aab1b3b2c51b1b1c45" language="English" custom="readingOrder {index:7;}">
                    <Coords points="822,1616 884,1616 884,1657 822,1657"/>
                    <TextEquiv>
                        <Unicode>h.y</Unicode>
                    </TextEquiv>
                    <TextStyle fontFamily="Times New Roman" fontSize="9.0"/>
                </Word>
                <Word id="w_w2aab1b3b2c51b1b1c53" language="English" custom="readingOrder {index:8;}">
                    <Coords points="904,1616 974,1616 974,1648 904,1648"/>
                    <TextEquiv>
                        <Unicode>sino</Unicode>
                    </TextEquiv>
                    <TextStyle fontFamily="Times New Roman" fontSize="9.0"/>
                </Word>
                <Word id="w_w2aab1b3b2c51b1b1c63" language="English" custom="readingOrder {index:9;}">
                    <Coords points="991,1615 1067,1615 1067,1657 991,1657"/>
                    <TextEquiv>
                        <Unicode>deja</Unicode>
                    </TextEquiv>
                    <TextStyle fontFamily="Times New Roman" fontSize="9.0"/>
                </Word>
                <Word id="w_w2aab1b3b2c51b1b1c73" language="English" custom="readingOrder {index:10;}">
                    <Coords points="1096,1625 1124,1625 1124,1648 1096,1648"/>
                    <TextEquiv>
                        <Unicode>o.</Unicode>
                    </TextEquiv>
                    <TextStyle fontFamily="Times New Roman" fontSize="9.0"/>
                </Word>
                <TextEquiv>
                    <Unicode>Esc. En fin, es bueno, no hay sino deja o</Unicode>
                </TextEquiv>
            </TextLine>
            <TextEquiv>
                <Unicode>Esc. En fin, es bueno, no hay sino deja o</Unicode>
            </TextEquiv>
        </TextRegion>
        <TextRegion type="paragraph" id="r_2_27" custom="readingOrder {index:26;}">
            <Coords points="269,1659 1108,1659 1108,1700 269,1700"/>
            <TextLine id="tl_37" primaryLanguage="English" custom="readingOrder {index:0;}">
                <Coords points="270,1660 911,1660 911,1699 270,1699"/>
                <Baseline points="270,1697 295,1697 452,1695 519,1695 571,1696 643,1695 759,1699 852,1694 1103,1694 910,1693"/>
                <Word id="w_w2aab1b3b2c53b1ab1" language="English" custom="readingOrder {index:0;}">
                    <Coords points="270,1664 344,1664 344,1697 270,1697"/>
                    <TextEquiv>
                        <Unicode>Ale.</Unicode>
                    </TextEquiv>
                    <TextStyle fontFamily="Times New Roman" fontSize="9.0" italic="true"/>
                </Word>
                <Word id="w_w2aab1b3b2c53b1b1b3" language="English" custom="readingOrder {index:1;}">
                    <Coords points="408,1664 452,1664 452,1695 408,1695"/>
                    <TextEquiv>
                        <Unicode>En</Unicode>
                    </TextEquiv>
                    <TextStyle fontFamily="Times New Roman" fontSize="9.0"/>
                </Word>
                <Word id="w_w2aab1b3b2c53b1b1b9" language="English" custom="readingOrder {index:2;}">
                    <Coords points="475,1664 519,1664 519,1695 475,1695"/>
                    <TextEquiv>
                        <Unicode>lia</Unicode>
                    </TextEquiv>
                    <TextStyle fontFamily="Times New Roman" fontSize="9.0"/>
                </Word>
                <Word id="w_w2aab1b3b2c53b1b1c21" language="English" custom="readingOrder {index:3;}">
                    <Coords points="591,1671 643,1671 643,1695 591,1695"/>
                    <TextEquiv>
                        <Unicode>me</Unicode>
                    </TextEquiv>
                    <TextStyle fontFamily="Times New Roman" fontSize="9.0"/>
                </Word>
                <Word id="w_w2aab1b3b2c53b1b1c27" language="English" custom="readingOrder {index:4;}">
                    <Coords points="667,1661 759,1661 759,1699 667,1699"/>
                    <TextEquiv>
                        <Unicode>besó,</Unicode>
                    </TextEquiv>
                    <TextStyle fontFamily="Times New Roman" fontSize="9.0"/>
                </Word>
                <Word id="w_w2aab1b3b2c53b1b1c39" language="English" custom="readingOrder {index:5;}">
                    <Coords points="811,1662 852,1662 852,1694 811,1694"/>
                    <TextEquiv>
                        <Unicode>he</Unicode>
                    </TextEquiv>
                    <TextStyle fontFamily="Times New Roman" fontSize="9.0"/>
                </Word>
                <Word id="w_w2aab1b3b2c53b1b1c45" language="English" custom="readingOrder {index:6;}">
                    <Coords points="869,1662 907,1662 907,1694 869,1694"/>
                    <TextEquiv>
                        <Unicode>de</Unicode>
                    </TextEquiv>
                    <TextStyle fontFamily="Times New Roman" fontSize="9.0"/>
                </Word>
                <TextEquiv>
                    <Unicode>Alc. En fin el me besó, he de al</Unicode>
                </TextEquiv>
            </TextLine>
            <TextEquiv>
                <Unicode>Alc. En fin el me besó, he de al</Unicode>
            </TextEquiv>
        </TextRegion>
    </Page>
</PcGts>
