1765 2512
308 250 330 286 2
253 296 669 336 que causa tanto ruio;
254 343 613 383 en avillando parné
251 393 621 432 sacrifica una mugé
256 436 777 480 man que sea con un judio:
259 490 663 531 ¿no dá míeo, puñalá,
259 536 815 576 hasta el pensarlo? me jundo,
263 582 760 624 estando José en el mundo
253 632 720 675 pa él seré yo y na mas.
261 682 683 722 Es la fija, como Dios;
255 732 693 775 y si mi tio se emperra
264 779 778 819 mas bien le jago la guerra
259 826 727 870 y á Roma se va por too.
386 875 709 913 Sale D. Cándido.
218 924 713 966 C. Qué alegria, sobrinita,
266 968 877 1013 sé que acaba de llegar D. Cárlos.
219 1007 894 1061 A. Y quién le ha mandao que venga?
269 1069 687 1110 pues lo gracioso será
275 1117 775 1157 cuando tenga que najarse
275 1169 573 1206 como ha venio.
222 1207 604 1255 C. Se verá.
219 1265 707 1302 A. Pero señó qué apretá;
275 1310 805 1355 ¿tengo yo el pesqui perdio?
270 1361 661 1403 A dónde voy á pará
278 1409 817 1449 con un hombre é cartulina,
282 1459 700 1499 teniendo, jui, puñalá,
272 1507 713 1547 el rey de la andalucia,
277 1554 869 1596 con mas fuego que un volcan,
281 1604 678 1645 un moso sin buleria,
283 1644 849 1694 que por aonde quiera que vá
283 1702 769 1741 va derramando la gracia,
284 1749 753 1791 y es el moso mas juncá
287 1798 689 1840 que la peorosa mano
289 1847 722 1887 de un divé puo formá,
281 1895 777 1938 y ese ha de ser mi mario.
236 1941 673 1983 C. No señora, no será:
287 1992 779 2033 serà su esposo D. Cárlos;
285 2041 685 2080 tu boda se arreglará
285 2091 687 2130 en el dia de mañana.
411 2140 604 2177 Sale José.
240 2185 795 2231 J. Señó beso á V. las mano:
280 2233 811 2280 supe que estaba osté malo
961 282 1355 320 y me pareció rigulá
960 330 1362 364 el jaserle una visita.
918 375 1482 415 C. Gracias, se puede marchar
963 426 1419 467 y no volver á esta casa.
917 467 1431 511 J. Está muy bien, se jará;
971 522 1399 562 pero antes ascuchosté
974 570 1379 609 lo que le voy á jablá
971 619 1471 658 ya que osté sa franqueao,
975 666 1417 708 tengo mi cuenta ajustá
971 715 1511 757 pa casarme con mi Antonia,
969 762 1482 804 y eso no lo ha de estorbar
971 811 1515 851 ni tampoco el súsum-corda,
976 860 1526 901 está osté? por que está chalá
975 909 1391 951 po esta persona, si no
978 958 1477 999 que lo diga, que ahí está:
980 1008 1430 1046 en aquerando que no...
976 1056 1379 1095 dílo tú, boca é corá.
928 1103 1503 1145 A. Tres vese he dicho que si
975 1151 1445 1196 y dos vese están demás:
985 1202 1461 1240 soy reina por la palabra.
923 1246 1353 1288 J. Cómo tenia é faltá!
983 1298 1463 1340 lo estasté oyendo, Jesús,
982 1346 1435 1387 si la chavea me quiere
992 1395 1376 1437 lo pueo yo remediá?
940 1442 1587 1487 C. Ya le he dicho que se marche
985 1493 1411 1533 por que sino, voy á...
934 1538 1569 1580 J. Pero señó, en qué quedamos?
938 1588 1423 1631 C. Que se retire le digo,
992 1639 1417 1681 si no quiere dar lugar
991 1686 1489 1730 que lo eche á puntillones.
935 1734 1445 1777 J. Pues me gusta la toná,
995 1784 1484 1827 conque á puntillones, hé?
991 1832 1467 1879 porque me quiero casar
1002 1882 1541 1925 con mi Antonia, bien, señó,
991 1931 1354 1973 yo le juro que será
1002 1978 1489 2021 quierasté ó no mi mujer;
1001 2027 1521 2069 adios, mosqueta temprana.
956 2076 1514 2119 A. Adios, José, que soy tuya
999 2126 1371 2168 hasta el juicio finá.
1196 2174 1373 2211 Váse José.
951 2217 1615 2267 C. Vaya, que no conoce la educacion.
