1737 2508
743 244 960 277 LOS PAYOS ASTUTOS
1552 220 1590 267 3
287 287 719 320 Pero diera seis ducaos
304 327 683 360 por desbaratar la boa
305 365 803 399 de su hija, ya que casarnos
302 408 490 438 no quiere.
263 443 853 477 Laz. ¿Hay mas que emprenderlo?
303 484 875 521 ¿que nos faltará, aunque Payos,
312 524 706 555 ensufecencia, y astucia,
303 563 727 595 para conseguir lograrlo?
264 595 893 635 Agued. Pues á enredarlos, y chito:
263 642 872 674 Laz. Verás cuál los embrollamos:
307 682 715 714 El tio del novio entra,
309 720 782 753 oye y vamos prencipiando.
271 758 948 793 Se retiran á un lado, y sale Jorge.
389 798 824 832 Escribano muy ridículo.
271 838 860 872 Jorg. Se me ha pasado la hora,
316 876 754 911 y ya estaran aguardando.
318 917 767 950 Esta boda, y los negocios
314 957 759 990 de un Escribano afamado
316 997 818 1029 de Ciudad, no me permiten
316 1036 749 1070 un instante de descanso.
312 1076 718 1109 Pero Lazaro, Aguedita,
315 1116 768 1148 ¿como estais tan retirados
318 1155 808 1187 de la funcion? ¿Qué teneis,
320 1193 741 1228 tan tristes, y cabizbajos?
284 1233 857 1266 Laz. Cada uno tiene sus penas.
286 1273 842 1306 Agued. A nadie faltan cuidados.
278 1311 766 1347 Jorg. Vaya, dejad tonterías,
317 1350 687 1386 y procurad alegraros.
321 1391 740 1425 pues hay boda en casa. ¿Está
317 1431 765 1464 Don Judillas vuestro amo
325 1469 524 1502 allá dentro?
287 1510 653 1543 Laz. El, y la novia,
329 1548 782 1582 dentro están acompañados
330 1588 576 1621 de las vesitas.
287 1628 671 1661 Jorg. Y hay muchas?
291 1668 842 1700 Agued. No caben en el estrao.
295 1707 804 1739 Jorg. Supongo que le dariais
331 1747 787 1778 el recado que mí criado
327 1786 780 1818 trajo endenantes, de que
327 1825 805 1858 no estuviesen con cuidado
326 1863 719 1898 si tardaba mi sobrino
334 1903 857 1938 el novio, que está evacuando
338 1943 723 1978 una diligencia urgente,
335 1982 811 2017 y no vendrá hasta acabarlo.
290 2022 941 2056 Laz. Es muy cierto que esta y yo
329 2062 747 2096 hemos tomao el recao;
336 2101 834 2136 mas, ni le dimos entonces,
340 2141 791 2174 ni menos queremos darlo.
297 2180 943 2214 Jor. ¡Que desvergüenza! ¿Y por que?
297 2220 908 2254 Agued. Hablad quedo, no alteraos:
345 2261 858 2293 que por quererle á usté bien,
346 2298 824 2333 ni le dimos, ni le damos.
304 2337 894 2373 Jorg. ¡Que decis! no os entiendo.
306 2379 704 2415 Laz. Hay mucho mal.
982 279 1347 315 Agued. Mucho daño.
992 319 1351 354 Laz, Mucha trampa.
988 357 1411 394 Agued. Mucho embrollo.
985 397 1492 432 Laz. Pero yo quiere callarlo:
1032 437 1433 472 porque si acaso se sabe,
1036 476 1445 510 ma de despeir el amo.
995 511 1608 551 Agued. Dices bien, Lázaro; chito;
1033 555 1394 590 ques negocio delicao
1040 595 1419 630 estas cosas. Vamonos.
1155 635 1508 667 Hacen que se van.
996 675 1400 708 Los dos. A dios, Señor.
987 715 1276 748 Jorg. Aguardaos;
1034 751 1535 788 que vuestras preñadas voces
1033 791 1569 825 de sospechas me han llenado.
1040 830 1489 866 Hablemos aqui en secreto
1038 872 1556 906 los tres; y decid si hay algo
1037 912 1362 946 contra mi opinion.
997 951 1331 986 Los dos. Y mucho.
1004 988 1677 1026 Jorg. ¿Pues que pasa? Habladme claro.
1039 1031 1241 1070 ¿Que sabeis?
997 1069 1390 1104 Agued. Que mi Señor
1041 1109 1466 1143 solicita á usté engañarlo,
1048 1148 1430 1182 en la boa que se trata
1052 1186 1522 1222 de vuestro Sobrino Marcos.
1001 1226 1534 1262 Jorg. ¿Pues le parece tan facil
1052 1265 1480 1302 engañar á un Escribano,
1050 1306 1458 1341 siendo capaces nosotros
1051 1345 1543 1380 de engañar al mismo diablo?
1050 1382 1472 1420 Pero yo estoy satisfecho
1047 1421 1618 1459 de que Don Judas vuestro amo
1052 1465 1313 1498 no me engañe.
1009 1504 1282 1540 Laz. Como usté
1052 1542 1520 1578 hace poco mas de un año
1056 1581 1514 1617 vino á esta Zudia, no sabe
1051 1621 1597 1657 quien es, ni como, ni cuando.
1016 1661 1613 1698 Jorg. Se, que es un Médico rico,
1059 1701 1509 1736 de fama, sabio y honrado.
1020 1740 1653 1776 Agued. Que no señor no es tan rico,
1060 1779 1467 1816 como usté sa imaginao:
1059 1818 1479 1855 ni puede dar á su hija
1056 1858 1489 1894 de todo catorce ochavos.
1018 1897 1673 1934 Jorg. Muchacha, ¡que es lo que hablas!
1056 1938 1540 1973 Cuando yo esta boda hago
1061 1980 1285 2013 por el dote...
1023 2018 1463 2054 Agued. Que no hay naa.
1020 2056 1696 2092 Jorg. Si me han dicho que ha heredado
1060 2097 1493 2132 ahora setenta mil pesos
1068 2135 1497 2172 de un pariente boticario
1062 2179 1254 2210 de Madrid.
1023 2216 1322 2251 Laz. Mentira too
1069 2254 1579 2289 ese hera su primo hermano,
1068 2293 1495 2329 ca muerto en el Espital
1064 2332 1502 2370 sin tener para enterrarlo.
1031 2372 1597 2412 Jorg. ¡Que cosas! Pero decidme:
