1737 2508
1183 264 1464 328 Núm. 69.
543 1340 1225 1411 EL VALIENTE
390 1559 1393 1655 ENAMORAO.
270 1885 702 1958 Señores, es tontería,
220 1936 734 2019 no hay un mozo como yó
225 1996 632 2070 pa toa la Andalucia.
226 2045 727 2119 Si una mosa me quisiera
227 2101 734 2167 lo mesmo que quiero yo,
230 2157 644 2228 la ponia junto al sor
235 2203 762 2277 pa que nadie la ofendiera.
244 2257 802 2328 Y al hombre que la mirara.
937 1850 1476 1928 pa que no la golviera á vé,
929 1908 1357 1984 le ponia aquí la nué
939 1957 1441 2033 y en el pescueso la cara.
940 2008 1441 2086 Me ajogue sino es verdá,
937 2066 1397 2137 si es una mugé María;
940 2113 1459 2193 la quiero con mas trabajo
944 2168 1418 2244 que pasa un escarabajo
953 2224 1385 2295 con la pelota que lia.
