1664 2448
1199 183 1445 233 (Núm. 139.)
223 1154 1360 1204 NUEVA RELACION
92 1253 1496 1303 alegre y divertida del chasco que le ha dado una
94 1322 1498 1373 muger á su marido siendo arriero y las clases de
86 1391 1495 1442 mugeres que hay hoy en dia, con lo demás que
486 1470 1118 1512 verá el curioso lector.
139 1559 649 1605 Oigan una cancion nueva
90 1608 506 1651 que le voy á referir,
97 1656 649 1702 que le sucedió á un arriero
90 1700 520 1748 en Cádiz como es asi.
98 1746 460 1790 Vivid con cuidado
86 1800 572 1846 y andad siempre alerta,
100 1845 522 1890 que son las mugeres
90 1894 458 1936 pájaras de cuenta.
88 1938 556 1988 Este arriero se hallaba
88 1986 522 2034 casado con su muger,
86 2034 511 2083 ella era buena moza
82 2086 482 2131 y de lindo parecer;
90 2134 468 2175 que muger bonita
98 2183 444 2229 y cepo temprano,
815 1568 1176 1605 no todas las ubas
811 1616 1254 1653 se las come el amo.
815 1665 1293 1700 Salió para quince dias,
813 1711 1357 1752 y en el camino encontraba
825 1760 1341 1796 quien el género le compre,
823 1807 1373 1844 con que el viage abreviaba.
814 1856 1205 1893 A l diez en punto
811 1903 1173 1940 de la noche llega
815 1951 1240 1988 llamando á la puerta
813 1998 1253 2037 para que le abrieran.
813 2045 1367 2084 La muger que á su marido
825 2095 1319 2133 aquella noche no espera,
823 2143 1215 2180 otro galan ocupaba
817 2193 1275 2233 su lado y la cabecera.
