<?xml version="1.0" encoding="UTF-8" standalone="yes"?>
<PcGts xmlns="http://schema.primaresearch.org/PAGE/gts/pagecontent/2013-07-15" xmlns:xsi="http://www.w3.org/2001/XMLSchema-instance" xsi:schemaLocation="http://schema.primaresearch.org/PAGE/gts/pagecontent/2013-07-15 http://schema.primaresearch.org/PAGE/gts/pagecontent/2013-07-15/pagecontent.xsd">
    <Metadata>
        <Creator>Transkribus</Creator>
        <Created>2020-10-15T10:25:19.422+02:00</Created>
        <LastChange>2020-10-15T10:54:10.882+02:00</LastChange>
        <Comments>
                Measurement unit: pixel
                PrimaryLanguage: English
                Language: SpanishTraditionalSort
                Producer: Transkribus
            </Comments>
        <TranskribusMetadata docId="516060" pageId="21887104" pageNr="5" tsid="45319010" status="GT" userId="66244" imgUrl="https://files.transkribus.eu/Get?id=SPSUQUUZFQEQTNVDSFSJDIZV&amp;fileType=view" xmlUrl="https://files.transkribus.eu/Get?id=WTHFTNIASKCIWKYAUTUUHNGL" imageId="16990679"/>
    </Metadata>
    <Page imageFilename="0005_Moreno_066_5.jpg" imageWidth="1737" imageHeight="2508">
        <PrintSpace>
            <Coords points="0,0 1737,0 1737,2508 0,2508"/>
        </PrintSpace>
        <ReadingOrder>
            <OrderedGroup id="ro_1646647720526" caption="Regions reading order">
                <RegionRefIndexed index="0" regionRef="r_1_1"/>
                <RegionRefIndexed index="1" regionRef="r_1_2"/>
                <RegionRefIndexed index="2" regionRef="r_1_3"/>
                <RegionRefIndexed index="3" regionRef="r_1_4"/>
                <RegionRefIndexed index="4" regionRef="r_1_5"/>
                <RegionRefIndexed index="5" regionRef="r_2_1"/>
                <RegionRefIndexed index="6" regionRef="r_2_2"/>
                <RegionRefIndexed index="7" regionRef="r_2_3"/>
                <RegionRefIndexed index="8" regionRef="r_2_4"/>
                <RegionRefIndexed index="9" regionRef="r_2_5"/>
                <RegionRefIndexed index="10" regionRef="r_2_6"/>
            </OrderedGroup>
        </ReadingOrder>
        <TextRegion type="paragraph" id="r_1_1" custom="readingOrder {index:0;}">
            <Coords points="216,239 781,239 781,646 216,646"/>
            <TextLine id="tl_1" primaryLanguage="English" custom="readingOrder {index:0;}">
                <Coords points="217,240 697,240 697,286 217,286"/>
                <Baseline points="217,285 264,286 374,283 520,279 697,274"/>
                <Word id="w_w2aab1b1b2b1b1ab1" language="English" custom="readingOrder {index:0;}">
                    <Coords points="217,260 264,260 264,286 217,286"/>
                    <TextEquiv>
                        <Unicode>un</Unicode>
                    </TextEquiv>
                    <TextStyle fontFamily="Times New Roman" fontSize="9.0"/>
                </Word>
                <Word id="w_w2aab1b1b2b1b1ab7" language="English" custom="readingOrder {index:1;}">
                    <Coords points="285,249 374,249 374,284 285,284"/>
                    <TextEquiv>
                        <Unicode>bello</Unicode>
                    </TextEquiv>
                    <TextStyle fontFamily="Times New Roman" fontSize="9.0"/>
                </Word>
                <Word id="w_w2aab1b1b2b1b1ac19" language="English" custom="readingOrder {index:2;}">
                    <Coords points="390,247 520,247 520,281 390,281"/>
                    <TextEquiv>
                        <Unicode>infante</Unicode>
                    </TextEquiv>
                    <TextStyle fontFamily="Times New Roman" fontSize="9.0"/>
                </Word>
                <Word id="w_w2aab1b1b2b1b1ac35" language="English" custom="readingOrder {index:3;}">
                    <Coords points="538,241 697,241 697,276 538,276"/>
                    <TextEquiv>
                        <Unicode>tuvieron</Unicode>
                    </TextEquiv>
                    <TextStyle fontFamily="Times New Roman" fontSize="9.0"/>
                </Word>
                <TextEquiv>
                    <Unicode>un bello infante tuvieron</Unicode>
                </TextEquiv>
                <TextStyle fontFamily="Times New Roman" fontSize="9.0"/>
            </TextLine>
            <TextLine id="tl_2" primaryLanguage="English" custom="readingOrder {index:1;}">
                <Coords points="217,285 697,285 697,329 217,329"/>
                <Baseline points="217,329 376,327 409,325 478,322 697,322"/>
                <Word id="w_w2aab1b1b2b1b3ab1" language="English" custom="readingOrder {index:0;}">
                    <Coords points="217,295 376,295 376,329 217,329"/>
                    <TextEquiv>
                        <Unicode>hermoso</Unicode>
                    </TextEquiv>
                    <TextStyle fontFamily="Times New Roman" fontSize="9.0"/>
                </Word>
                <Word id="w_w2aab1b1b2b1b3ac17" language="English" custom="readingOrder {index:1;}">
                    <Coords points="391,291 409,291 409,325 391,325"/>
                    <TextEquiv>
                        <Unicode>á</Unicode>
                    </TextEquiv>
                    <TextStyle fontFamily="Times New Roman" fontSize="9.0"/>
                </Word>
                <Word id="w_w2aab1b1b2b1b3ac21" language="English" custom="readingOrder {index:2;}">
                    <Coords points="428,291 478,291 478,324 428,324"/>
                    <TextEquiv>
                        <Unicode>las</Unicode>
                    </TextEquiv>
                    <TextStyle fontFamily="Times New Roman" fontSize="9.0"/>
                </Word>
                <Word id="w_w2aab1b1b2b1b3ac29" language="English" custom="readingOrder {index:3;}">
                    <Coords points="489,286 697,286 697,323 489,323"/>
                    <TextEquiv>
                        <Unicode>maravillas,</Unicode>
                    </TextEquiv>
                    <TextStyle fontFamily="Times New Roman" fontSize="9.0"/>
                </Word>
                <TextEquiv>
                    <Unicode>hermoso á las maravillas,</Unicode>
                </TextEquiv>
                <TextStyle fontFamily="Times New Roman" fontSize="9.0"/>
            </TextLine>
            <TextLine id="tl_3" primaryLanguage="English" custom="readingOrder {index:2;}">
                <Coords points="219,330 698,330 698,381 219,381"/>
                <Baseline points="219,381 239,381 313,371 376,370 529,366 697,362"/>
                <Word id="w_w2aab1b1b2b1b5ab1" language="English" custom="readingOrder {index:0;}">
                    <Coords points="219,349 239,349 239,381 219,381"/>
                    <TextEquiv>
                        <Unicode>y</Unicode>
                    </TextEquiv>
                    <TextStyle fontFamily="Times New Roman" fontSize="9.0"/>
                </Word>
                <Word id="w_w2aab1b1b2b1b5ab5" language="English" custom="readingOrder {index:1;}">
                    <Coords points="250,347 313,347 313,373 250,373"/>
                    <TextEquiv>
                        <Unicode>con</Unicode>
                    </TextEquiv>
                    <TextStyle fontFamily="Times New Roman" fontSize="9.0"/>
                </Word>
                <Word id="w_w2aab1b1b2b1b5ac13" language="English" custom="readingOrder {index:2;}">
                    <Coords points="327,338 376,338 376,371 327,371"/>
                    <TextEquiv>
                        <Unicode>los</Unicode>
                    </TextEquiv>
                    <TextStyle fontFamily="Times New Roman" fontSize="9.0"/>
                </Word>
                <Word id="w_w2aab1b1b2b1b5ac21" language="English" custom="readingOrder {index:3;}">
                    <Coords points="389,335 529,335 529,369 389,369"/>
                    <TextEquiv>
                        <Unicode>mismos</Unicode>
                    </TextEquiv>
                    <TextStyle fontFamily="Times New Roman" fontSize="9.0"/>
                </Word>
                <Word id="w_w2aab1b1b2b1b5ac35" language="English" custom="readingOrder {index:4;}">
                    <Coords points="551,331 697,331 697,373 551,373"/>
                    <TextEquiv>
                        <Unicode>cortejos</Unicode>
                    </TextEquiv>
                    <TextStyle fontFamily="Times New Roman" fontSize="9.0"/>
                </Word>
                <TextEquiv>
                    <Unicode>y con los mismos cortejos</Unicode>
                </TextEquiv>
                <TextStyle fontFamily="Times New Roman" fontSize="9.0"/>
            </TextLine>
            <TextLine id="tl_4" primaryLanguage="English" custom="readingOrder {index:3;}">
                <Coords points="221,372 780,372 780,426 221,426"/>
                <Baseline points="221,426 286,416 332,415 484,411 561,409 780,413"/>
                <Word id="w_w2aab1b1b2b1b7ab1" language="English" custom="readingOrder {index:0;}">
                    <Coords points="221,392 286,392 286,426 221,426"/>
                    <TextEquiv>
                        <Unicode>que</Unicode>
                    </TextEquiv>
                    <TextStyle fontFamily="Times New Roman" fontSize="9.0"/>
                </Word>
                <Word id="w_w2aab1b1b2b1b7ab9" language="English" custom="readingOrder {index:1;}">
                    <Coords points="301,383 332,383 332,415 301,415"/>
                    <TextEquiv>
                        <Unicode>la</Unicode>
                    </TextEquiv>
                    <TextStyle fontFamily="Times New Roman" fontSize="9.0"/>
                </Word>
                <Word id="w_w2aab1b1b2b1b7ac15" language="English" custom="readingOrder {index:2;}">
                    <Coords points="356,381 484,381 484,414 356,414"/>
                    <TextEquiv>
                        <Unicode>infanta</Unicode>
                    </TextEquiv>
                    <TextStyle fontFamily="Times New Roman" fontSize="9.0"/>
                </Word>
                <Word id="w_w2aab1b1b2b1b7ac31" language="English" custom="readingOrder {index:3;}">
                    <Coords points="505,375 561,375 561,410 505,410"/>
                    <TextEquiv>
                        <Unicode>fué</Unicode>
                    </TextEquiv>
                    <TextStyle fontFamily="Times New Roman" fontSize="9.0"/>
                </Word>
                <Word id="w_w2aab1b1b2b1b7ac39" language="English" custom="readingOrder {index:4;}">
                    <Coords points="587,373 780,373 780,417 587,417"/>
                    <TextEquiv>
                        <Unicode>aplaudido;</Unicode>
                    </TextEquiv>
                    <TextStyle fontFamily="Times New Roman" fontSize="9.0"/>
                </Word>
                <TextEquiv>
                    <Unicode>que la infanta fué aplaudido;</Unicode>
                </TextEquiv>
                <TextStyle fontFamily="Times New Roman" fontSize="9.0"/>
            </TextLine>
            <TextLine id="tl_5" primaryLanguage="English" custom="readingOrder {index:4;}">
                <Coords points="222,416 747,416 747,469 222,469"/>
                <Baseline points="222,469 304,460 453,458 554,454 601,452 747,452"/>
                <Word id="w_w2aab1b1b2b1b9ab1" language="English" custom="readingOrder {index:0;}">
                    <Coords points="222,435 304,435 304,469 222,469"/>
                    <TextEquiv>
                        <Unicode>pero</Unicode>
                    </TextEquiv>
                    <TextStyle fontFamily="Times New Roman" fontSize="9.0"/>
                </Word>
                <Word id="w_w2aab1b1b2b1b9ac11" language="English" custom="readingOrder {index:1;}">
                    <Coords points="320,424 453,424 453,459 320,459"/>
                    <TextEquiv>
                        <Unicode>cuando</Unicode>
                    </TextEquiv>
                    <TextStyle fontFamily="Times New Roman" fontSize="9.0"/>
                </Word>
                <Word id="w_w2aab1b1b2b1b9ac25" language="English" custom="readingOrder {index:2;}">
                    <Coords points="464,420 554,420 554,464 464,464"/>
                    <TextEquiv>
                        <Unicode>llegó</Unicode>
                    </TextEquiv>
                    <TextStyle fontFamily="Times New Roman" fontSize="9.0"/>
                </Word>
                <Word id="w_w2aab1b1b2b1b9ac37" language="English" custom="readingOrder {index:3;}">
                    <Coords points="569,419 601,419 601,453 569,453"/>
                    <TextEquiv>
                        <Unicode>el</Unicode>
                    </TextEquiv>
                    <TextStyle fontFamily="Times New Roman" fontSize="9.0"/>
                </Word>
                <Word id="w_w2aab1b1b2b1b9ac43" language="English" custom="readingOrder {index:4;}">
                    <Coords points="621,418 747,418 747,462 621,462"/>
                    <TextEquiv>
                        <Unicode>tiempo</Unicode>
                    </TextEquiv>
                    <TextStyle fontFamily="Times New Roman" fontSize="9.0"/>
                </Word>
                <TextEquiv>
                    <Unicode>pero cuando llegó el tiempo</Unicode>
                </TextEquiv>
                <TextStyle fontFamily="Times New Roman" fontSize="9.0"/>
            </TextLine>
            <TextLine id="tl_6" primaryLanguage="English" custom="readingOrder {index:5;}">
                <Coords points="223,462 662,462 662,513 223,513"/>
                <Baseline points="223,504 263,504 384,502 445,500 661,500"/>
                <Word id="w_w2aab1b1b2b1c11ab1" language="English" custom="readingOrder {index:0;}">
                    <Coords points="223,471 263,471 263,504 223,504"/>
                    <TextEquiv>
                        <Unicode>de</Unicode>
                    </TextEquiv>
                    <TextStyle fontFamily="Times New Roman" fontSize="9.0"/>
                </Word>
                <Word id="w_w2aab1b1b2b1c11ab7" language="English" custom="readingOrder {index:1;}">
                    <Coords points="284,470 384,470 384,512 284,512"/>
                    <TextEquiv>
                        <Unicode>poder</Unicode>
                    </TextEquiv>
                    <TextStyle fontFamily="Times New Roman" fontSize="9.0"/>
                </Word>
                <Word id="w_w2aab1b1b2b1c11ac19" language="English" custom="readingOrder {index:2;}">
                    <Coords points="408,478 445,478 445,509 408,509"/>
                    <TextEquiv>
                        <Unicode>ya</Unicode>
                    </TextEquiv>
                    <TextStyle fontFamily="Times New Roman" fontSize="9.0"/>
                </Word>
                <Word id="w_w2aab1b1b2b1c11ac25" language="English" custom="readingOrder {index:3;}">
                    <Coords points="463,463 661,463 661,500 463,500"/>
                    <TextEquiv>
                        <Unicode>destetarlo,</Unicode>
                    </TextEquiv>
                    <TextStyle fontFamily="Times New Roman" fontSize="9.0"/>
                </Word>
                <TextEquiv>
                    <Unicode>de poder ya destetarlo,</Unicode>
                </TextEquiv>
                <TextStyle fontFamily="Times New Roman" fontSize="9.0"/>
            </TextLine>
            <TextLine id="tl_7" primaryLanguage="English" custom="readingOrder {index:6;}">
                <Coords points="224,505 766,505 766,548 224,548"/>
                <Baseline points="224,548 287,547 387,545 581,540 766,540"/>
                <Word id="w_w2aab1b1b2b1c13ab1" language="English" custom="readingOrder {index:0;}">
                    <Coords points="224,524 287,524 287,548 224,548"/>
                    <TextEquiv>
                        <Unicode>con</Unicode>
                    </TextEquiv>
                    <TextStyle fontFamily="Times New Roman" fontSize="9.0"/>
                </Word>
                <Word id="w_w2aab1b1b2b1c13ab9" language="English" custom="readingOrder {index:1;}">
                    <Coords points="316,517 387,517 387,547 316,547"/>
                    <TextEquiv>
                        <Unicode>otra</Unicode>
                    </TextEquiv>
                    <TextStyle fontFamily="Times New Roman" fontSize="9.0"/>
                </Word>
                <Word id="w_w2aab1b1b2b1c13ac19" language="English" custom="readingOrder {index:2;}">
                    <Coords points="413,508 581,508 581,545 413,545"/>
                    <TextEquiv>
                        <Unicode>industria</Unicode>
                    </TextEquiv>
                    <TextStyle fontFamily="Times New Roman" fontSize="9.0"/>
                </Word>
                <Word id="w_w2aab1b1b2b1c13ac39" language="English" custom="readingOrder {index:3;}">
                    <Coords points="606,507 766,507 766,541 606,541"/>
                    <TextEquiv>
                        <Unicode>Gualtero</Unicode>
                    </TextEquiv>
                    <TextStyle fontFamily="Times New Roman" fontSize="9.0"/>
                </Word>
                <TextEquiv>
                    <Unicode>con otra industria Gualtero</Unicode>
                </TextEquiv>
                <TextStyle fontFamily="Times New Roman" fontSize="9.0"/>
            </TextLine>
            <TextLine id="tl_8" primaryLanguage="English" custom="readingOrder {index:7;}">
                <Coords points="223,551 708,551 708,599 223,599"/>
                <Baseline points="223,591 254,592 467,588 526,587 579,585 708,584"/>
                <Word id="w_w2aab1b1b2b1c15ab1" language="English" custom="readingOrder {index:0;}">
                    <Coords points="223,559 254,559 254,592 223,592"/>
                    <TextEquiv>
                        <Unicode>la</Unicode>
                    </TextEquiv>
                    <TextStyle fontFamily="Times New Roman" fontSize="9.0"/>
                </Word>
                <Word id="w_w2aab1b1b2b1c15ab7" language="English" custom="readingOrder {index:1;}">
                    <Coords points="270,555 467,555 467,591 270,591"/>
                    <TextEquiv>
                        <Unicode>constancia</Unicode>
                    </TextEquiv>
                    <TextStyle fontFamily="Times New Roman" fontSize="9.0"/>
                </Word>
                <Word id="w_w2aab1b1b2b1c15ac29" language="English" custom="readingOrder {index:2;}">
                    <Coords points="484,554 526,554 526,587 484,587"/>
                    <TextEquiv>
                        <Unicode>de</Unicode>
                    </TextEquiv>
                    <TextStyle fontFamily="Times New Roman" fontSize="9.0"/>
                </Word>
                <Word id="w_w2aab1b1b2b1c15ac35" language="English" custom="readingOrder {index:3;}">
                    <Coords points="540,561 579,561 579,585 540,585"/>
                    <TextEquiv>
                        <Unicode>su</Unicode>
                    </TextEquiv>
                    <TextStyle fontFamily="Times New Roman" fontSize="9.0"/>
                </Word>
                <Word id="w_w2aab1b1b2b1c15ac41" language="English" custom="readingOrder {index:4;}">
                    <Coords points="591,559 708,559 708,593 591,593"/>
                    <TextEquiv>
                        <Unicode>esposa</Unicode>
                    </TextEquiv>
                    <TextStyle fontFamily="Times New Roman" fontSize="9.0"/>
                </Word>
                <TextEquiv>
                    <Unicode>la constancia de su esposa</Unicode>
                </TextEquiv>
                <TextStyle fontFamily="Times New Roman" fontSize="9.0"/>
            </TextLine>
            <TextLine id="tl_9" primaryLanguage="English" custom="readingOrder {index:8;}">
                <Coords points="225,594 699,594 699,645 225,645"/>
                <Baseline points="225,644 320,635 491,631 558,630 699,627"/>
                <Word id="w_w2aab1b1b2b1c17ab1" language="English" custom="readingOrder {index:0;}">
                    <Coords points="225,603 320,603 320,644 225,644"/>
                    <TextEquiv>
                        <Unicode>quiso</Unicode>
                    </TextEquiv>
                    <TextStyle fontFamily="Times New Roman" fontSize="9.0"/>
                </Word>
                <Word id="w_w2aab1b1b2b1c17ac13" language="English" custom="readingOrder {index:1;}">
                    <Coords points="336,598 491,598 491,643 336,643"/>
                    <TextEquiv>
                        <Unicode>probarla</Unicode>
                    </TextEquiv>
                    <TextStyle fontFamily="Times New Roman" fontSize="9.0"/>
                </Word>
                <Word id="w_w2aab1b1b2b1c17ac31" language="English" custom="readingOrder {index:2;}">
                    <Coords points="517,596 558,596 558,631 517,631"/>
                    <TextEquiv>
                        <Unicode>de</Unicode>
                    </TextEquiv>
                    <TextStyle fontFamily="Times New Roman" fontSize="9.0"/>
                </Word>
                <Word id="w_w2aab1b1b2b1c17ac37" language="English" custom="readingOrder {index:3;}">
                    <Coords points="575,604 699,604 699,629 575,629"/>
                    <TextEquiv>
                        <Unicode>nuevo.</Unicode>
                    </TextEquiv>
                    <TextStyle fontFamily="Times New Roman" fontSize="9.0"/>
                </Word>
                <TextEquiv>
                    <Unicode>quiso probarla de nuevo.</Unicode>
                </TextEquiv>
                <TextStyle fontFamily="Times New Roman" fontSize="9.0"/>
            </TextLine>
            <TextEquiv>
                <Unicode>un bello infante tuvieron
hermoso á las maravillas,
y con los mismos cortejos
que la infanta fué aplaudido;
pero cuando llegó el tiempo
de poder ya destetarlo,
con otra industria Gualtero
la constancia de su esposa
quiso probarla de nuevo.</Unicode>
            </TextEquiv>
        </TextRegion>
        <TextRegion type="paragraph" id="r_1_2" custom="readingOrder {index:1;}">
            <Coords points="224,638 795,638 795,1219 224,1219"/>
            <TextLine id="tl_10" primaryLanguage="English" custom="readingOrder {index:0;}">
                <Coords points="225,639 697,639 697,685 225,685"/>
                <Baseline points="225,680 330,679 454,677 590,673 697,678"/>
                <Word id="w_w2aab1b1b2b3b1ab1" language="English" custom="readingOrder {index:0;}">
                    <Coords points="225,644 330,644 330,680 225,680"/>
                    <TextEquiv>
                        <Unicode>Entró</Unicode>
                    </TextEquiv>
                    <TextStyle fontFamily="Times New Roman" fontSize="9.0"/>
                </Word>
                <Word id="w_w2aab1b1b2b3b1ac13" language="English" custom="readingOrder {index:1;}">
                    <Coords points="345,643 454,643 454,678 345,678"/>
                    <TextEquiv>
                        <Unicode>donde</Unicode>
                    </TextEquiv>
                    <TextStyle fontFamily="Times New Roman" fontSize="9.0"/>
                </Word>
                <Word id="w_w2aab1b1b2b3b1ac25" language="English" custom="readingOrder {index:2;}">
                    <Coords points="474,641 590,641 590,675 474,675"/>
                    <TextEquiv>
                        <Unicode>estaba</Unicode>
                    </TextEquiv>
                    <TextStyle fontFamily="Times New Roman" fontSize="9.0"/>
                </Word>
                <Word id="w_w2aab1b1b2b3b1ac39" language="English" custom="readingOrder {index:3;}">
                    <Coords points="614,639 697,639 697,678 614,678"/>
                    <TextEquiv>
                        <Unicode>sola,</Unicode>
                    </TextEquiv>
                    <TextStyle fontFamily="Times New Roman" fontSize="9.0"/>
                </Word>
                <TextEquiv>
                    <Unicode>Entró donde estaba sola,</Unicode>
                </TextEquiv>
                <TextStyle fontFamily="Times New Roman" fontSize="9.0"/>
            </TextLine>
            <TextLine id="tl_11" primaryLanguage="English" custom="readingOrder {index:1;}">
                <Coords points="226,683 701,683 701,733 226,733"/>
                <Baseline points="226,732 246,732 358,722 477,719 548,718 701,716"/>
                <Word id="w_w2aab1b1b2b3b3ab1" language="English" custom="readingOrder {index:0;}">
                    <Coords points="226,699 246,699 246,732 226,732"/>
                    <TextEquiv>
                        <Unicode>y</Unicode>
                    </TextEquiv>
                    <TextStyle fontFamily="Times New Roman" fontSize="9.0"/>
                </Word>
                <Word id="w_w2aab1b1b2b3b3ab5" language="English" custom="readingOrder {index:1;}">
                    <Coords points="261,698 358,698 358,724 261,724"/>
                    <TextEquiv>
                        <Unicode>como</Unicode>
                    </TextEquiv>
                    <TextStyle fontFamily="Times New Roman" fontSize="9.0"/>
                </Word>
                <Word id="w_w2aab1b1b2b3b3ac15" language="English" custom="readingOrder {index:2;}">
                    <Coords points="375,688 477,688 477,731 375,731"/>
                    <TextEquiv>
                        <Unicode>quien</Unicode>
                    </TextEquiv>
                    <TextStyle fontFamily="Times New Roman" fontSize="9.0"/>
                </Word>
                <Word id="w_w2aab1b1b2b3b3ac27" language="English" custom="readingOrder {index:3;}">
                    <Coords points="505,685 548,685 548,719 505,719"/>
                    <TextEquiv>
                        <Unicode>de</Unicode>
                    </TextEquiv>
                    <TextStyle fontFamily="Times New Roman" fontSize="9.0"/>
                </Word>
                <Word id="w_w2aab1b1b2b3b3ac33" language="English" custom="readingOrder {index:4;}">
                    <Coords points="567,692 701,692 701,718 567,718"/>
                    <TextEquiv>
                        <Unicode>veneno</Unicode>
                    </TextEquiv>
                    <TextStyle fontFamily="Times New Roman" fontSize="9.0"/>
                </Word>
                <TextEquiv>
                    <Unicode>y como quien de veneno</Unicode>
                </TextEquiv>
                <TextStyle fontFamily="Times New Roman" fontSize="9.0"/>
            </TextLine>
            <TextLine id="tl_12" primaryLanguage="English" custom="readingOrder {index:2;}">
                <Coords points="228,727 679,727 679,773 228,773"/>
                <Baseline points="228,767 299,767 517,769 569,762 679,758"/>
                <Word id="w_w2aab1b1b2b3b5ab1" language="English" custom="readingOrder {index:0;}">
                    <Coords points="228,733 299,733 299,767 228,767"/>
                    <TextEquiv>
                        <Unicode>está</Unicode>
                    </TextEquiv>
                    <TextStyle fontFamily="Times New Roman" fontSize="9.0"/>
                </Word>
                <Word id="w_w2aab1b1b2b3b5ac11" language="English" custom="readingOrder {index:1;}">
                    <Coords points="315,730 517,730 517,769 315,769"/>
                    <TextEquiv>
                        <Unicode>encendido,</Unicode>
                    </TextEquiv>
                    <TextStyle fontFamily="Times New Roman" fontSize="9.0"/>
                </Word>
                <Word id="w_w2aab1b1b2b3b5ac33" language="English" custom="readingOrder {index:2;}">
                    <Coords points="536,729 569,729 569,762 536,762"/>
                    <TextEquiv>
                        <Unicode>le</Unicode>
                    </TextEquiv>
                    <TextStyle fontFamily="Times New Roman" fontSize="9.0"/>
                </Word>
                <Word id="w_w2aab1b1b2b3b5ac39" language="English" custom="readingOrder {index:3;}">
                    <Coords points="590,728 679,728 679,761 590,761"/>
                    <TextEquiv>
                        <Unicode>dice:</Unicode>
                    </TextEquiv>
                    <TextStyle fontFamily="Times New Roman" fontSize="9.0"/>
                </Word>
                <TextEquiv>
                    <Unicode>está encendido, le dice:</Unicode>
                </TextEquiv>
                <TextStyle fontFamily="Times New Roman" fontSize="9.0"/>
            </TextLine>
            <TextLine id="tl_13" primaryLanguage="English" custom="readingOrder {index:3;}">
                <Coords points="227,772 646,772 646,821 227,821"/>
                <Baseline points="228,821 342,810 414,810 513,807 646,805"/>
                <Word id="w_w2aab1b1b2b3b7ab1" language="English" custom="readingOrder {index:0;}">
                    <Coords points="228,778 342,778 342,821 228,821"/>
                    <TextEquiv>
                        <Unicode>quitar</Unicode>
                    </TextEquiv>
                    <TextStyle fontFamily="Times New Roman" fontSize="9.0"/>
                </Word>
                <Word id="w_w2aab1b1b2b3b7ac15" language="English" custom="readingOrder {index:1;}">
                    <Coords points="358,785 414,785 414,810 358,810"/>
                    <TextEquiv>
                        <Unicode>ese</Unicode>
                    </TextEquiv>
                    <TextStyle fontFamily="Times New Roman" fontSize="9.0"/>
                </Word>
                <Word id="w_w2aab1b1b2b3b7ac23" language="English" custom="readingOrder {index:2;}">
                    <Coords points="432,774 513,774 513,809 432,809"/>
                    <TextEquiv>
                        <Unicode>niño</Unicode>
                    </TextEquiv>
                    <TextStyle fontFamily="Times New Roman" fontSize="9.0"/>
                </Word>
                <Word id="w_w2aab1b1b2b3b7ac33" language="English" custom="readingOrder {index:3;}">
                    <Coords points="528,773 646,773 646,815 528,815"/>
                    <TextEquiv>
                        <Unicode>quiero</Unicode>
                    </TextEquiv>
                    <TextStyle fontFamily="Times New Roman" fontSize="9.0"/>
                </Word>
                <TextEquiv>
                    <Unicode>quitar ese niño quiero</Unicode>
                </TextEquiv>
                <TextStyle fontFamily="Times New Roman" fontSize="9.0"/>
            </TextLine>
            <TextLine id="tl_14" primaryLanguage="English" custom="readingOrder {index:4;}">
                <Coords points="230,814 794,814 794,866 230,866"/>
                <Baseline points="230,855 272,854 337,854 551,856 653,848 794,848"/>
                <Word id="w_w2aab1b1b2b3b9ab1" language="English" custom="readingOrder {index:0;}">
                    <Coords points="230,823 272,823 272,855 230,855"/>
                    <TextEquiv>
                        <Unicode>de</Unicode>
                    </TextEquiv>
                    <TextStyle fontFamily="Times New Roman" fontSize="9.0"/>
                </Word>
                <Word id="w_w2aab1b1b2b3b9ab7" language="English" custom="readingOrder {index:1;}">
                    <Coords points="290,821 337,821 337,855 290,855"/>
                    <TextEquiv>
                        <Unicode>mi</Unicode>
                    </TextEquiv>
                    <TextStyle fontFamily="Times New Roman" fontSize="9.0"/>
                </Word>
                <Word id="w_w2aab1b1b2b3b9ac13" language="English" custom="readingOrder {index:2;}">
                    <Coords points="362,818 551,818 551,864 362,864"/>
                    <TextEquiv>
                        <Unicode>presencia,</Unicode>
                    </TextEquiv>
                    <TextStyle fontFamily="Times New Roman" fontSize="9.0"/>
                </Word>
                <Word id="w_w2aab1b1b2b3b9ac35" language="English" custom="readingOrder {index:3;}">
                    <Coords points="569,825 653,825 653,859 569,859"/>
                    <TextEquiv>
                        <Unicode>pues</Unicode>
                    </TextEquiv>
                    <TextStyle fontFamily="Times New Roman" fontSize="9.0"/>
                </Word>
                <Word id="w_w2aab1b1b2b3b9ac45" language="English" custom="readingOrder {index:4;}">
                    <Coords points="677,814 794,814 794,848 677,848"/>
                    <TextEquiv>
                        <Unicode>ambos</Unicode>
                    </TextEquiv>
                    <TextStyle fontFamily="Times New Roman" fontSize="9.0"/>
                </Word>
                <TextEquiv>
                    <Unicode>de mi presencia, pues ambos</Unicode>
                </TextEquiv>
                <TextStyle fontFamily="Times New Roman" fontSize="9.0"/>
            </TextLine>
            <TextLine id="tl_15" primaryLanguage="English" custom="readingOrder {index:5;}">
                <Coords points="230,858 761,858 761,909 230,909"/>
                <Baseline points="230,899 297,899 358,899 522,895 761,892"/>
                <Word id="w_w2aab1b1b2b3c11ab1" language="English" custom="readingOrder {index:0;}">
                    <Coords points="230,866 297,866 297,900 230,900"/>
                    <TextEquiv>
                        <Unicode>sois</Unicode>
                    </TextEquiv>
                    <TextStyle fontFamily="Times New Roman" fontSize="9.0"/>
                </Word>
                <Word id="w_w2aab1b1b2b3c11ac11" language="English" custom="readingOrder {index:1;}">
                    <Coords points="327,866 358,866 358,899 327,899"/>
                    <TextEquiv>
                        <Unicode>el</Unicode>
                    </TextEquiv>
                    <TextStyle fontFamily="Times New Roman" fontSize="9.0"/>
                </Word>
                <Word id="w_w2aab1b1b2b3c11ac17" language="English" custom="readingOrder {index:2;}">
                    <Coords points="394,864 522,864 522,906 394,906"/>
                    <TextEquiv>
                        <Unicode>primer</Unicode>
                    </TextEquiv>
                    <TextStyle fontFamily="Times New Roman" fontSize="9.0"/>
                </Word>
                <Word id="w_w2aab1b1b2b3c11ac31" language="English" custom="readingOrder {index:3;}">
                    <Coords points="540,860 761,860 761,896 540,896"/>
                    <TextEquiv>
                        <Unicode>fundamento</Unicode>
                    </TextEquiv>
                    <TextStyle fontFamily="Times New Roman" fontSize="9.0"/>
                </Word>
                <TextEquiv>
                    <Unicode>sois el primer fundamento</Unicode>
                </TextEquiv>
                <TextStyle fontFamily="Times New Roman" fontSize="9.0"/>
            </TextLine>
            <TextLine id="tl_16" primaryLanguage="English" custom="readingOrder {index:6;}">
                <Coords points="231,903 725,903 725,953 231,953"/>
                <Baseline points="231,943 273,943 346,941 544,938 725,940"/>
                <Word id="w_w2aab1b1b2b3c13ab1" language="English" custom="readingOrder {index:0;}">
                    <Coords points="231,910 273,910 273,943 231,943"/>
                    <TextEquiv>
                        <Unicode>de</Unicode>
                    </TextEquiv>
                    <TextStyle fontFamily="Times New Roman" fontSize="9.0"/>
                </Word>
                <Word id="w_w2aab1b1b2b3c13ab7" language="English" custom="readingOrder {index:1;}">
                    <Coords points="301,909 346,909 346,942 301,942"/>
                    <TextEquiv>
                        <Unicode>mi</Unicode>
                    </TextEquiv>
                    <TextStyle fontFamily="Times New Roman" fontSize="9.0"/>
                </Word>
                <Word id="w_w2aab1b1b2b3c13ac13" language="English" custom="readingOrder {index:2;}">
                    <Coords points="368,908 544,908 544,951 368,951"/>
                    <TextEquiv>
                        <Unicode>pundonor</Unicode>
                    </TextEquiv>
                    <TextStyle fontFamily="Times New Roman" fontSize="9.0"/>
                </Word>
                <Word id="w_w2aab1b1b2b3c13ac31" language="English" custom="readingOrder {index:3;}">
                    <Coords points="570,903 725,903 725,947 570,947"/>
                    <TextEquiv>
                        <Unicode>perdido,</Unicode>
                    </TextEquiv>
                    <TextStyle fontFamily="Times New Roman" fontSize="9.0"/>
                </Word>
                <TextEquiv>
                    <Unicode>de mi pundonor perdido,</Unicode>
                </TextEquiv>
                <TextStyle fontFamily="Times New Roman" fontSize="9.0"/>
            </TextLine>
            <TextLine id="tl_17" primaryLanguage="English" custom="readingOrder {index:7;}">
                <Coords points="231,949 660,949 660,997 231,997"/>
                <Baseline points="231,996 251,996 406,984 512,983 659,981"/>
                <Word id="w_w2aab1b1b2b3c15ab1" language="English" custom="readingOrder {index:0;}">
                    <Coords points="231,963 251,963 251,996 231,996"/>
                    <TextEquiv>
                        <Unicode>y</Unicode>
                    </TextEquiv>
                    <TextStyle fontFamily="Times New Roman" fontSize="9.0"/>
                </Word>
                <Word id="w_w2aab1b1b2b3c15ab5" language="English" custom="readingOrder {index:1;}">
                    <Coords points="266,953 406,953 406,987 266,987"/>
                    <TextEquiv>
                        <Unicode>muchos</Unicode>
                    </TextEquiv>
                    <TextStyle fontFamily="Times New Roman" fontSize="9.0"/>
                </Word>
                <Word id="w_w2aab1b1b2b3c15ac19" language="English" custom="readingOrder {index:2;}">
                    <Coords points="423,953 512,953 512,986 423,986"/>
                    <TextEquiv>
                        <Unicode>estar</Unicode>
                    </TextEquiv>
                    <TextStyle fontFamily="Times New Roman" fontSize="9.0"/>
                </Word>
                <Word id="w_w2aab1b1b2b3c15ac31" language="English" custom="readingOrder {index:3;}">
                    <Coords points="532,950 659,950 659,992 532,992"/>
                    <TextEquiv>
                        <Unicode>sujetos</Unicode>
                    </TextEquiv>
                    <TextStyle fontFamily="Times New Roman" fontSize="9.0"/>
                </Word>
                <TextEquiv>
                    <Unicode>y muchos estar sujetos</Unicode>
                </TextEquiv>
                <TextStyle fontFamily="Times New Roman" fontSize="9.0"/>
            </TextLine>
            <TextLine id="tl_18" primaryLanguage="English" custom="readingOrder {index:8;}">
                <Coords points="233,991 659,991 659,1041 233,1041"/>
                <Baseline points="233,1031 252,1031 324,1030 482,1028 659,1032"/>
                <Word id="w_w2aab1b1b2b3c17ab1" language="English" custom="readingOrder {index:0;}">
                    <Coords points="233,997 252,997 252,1031 233,1031"/>
                    <TextEquiv>
                        <Unicode>á</Unicode>
                    </TextEquiv>
                    <TextStyle fontFamily="Times New Roman" fontSize="9.0"/>
                </Word>
                <Word id="w_w2aab1b1b2b3c17ab5" language="English" custom="readingOrder {index:1;}">
                    <Coords points="279,997 324,997 324,1031 279,1031"/>
                    <TextEquiv>
                        <Unicode>mi</Unicode>
                    </TextEquiv>
                    <TextStyle fontFamily="Times New Roman" fontSize="9.0"/>
                </Word>
                <Word id="w_w2aab1b1b2b3c17ac11" language="English" custom="readingOrder {index:2;}">
                    <Coords points="342,1005 482,1005 482,1039 342,1039"/>
                    <TextEquiv>
                        <Unicode>persona</Unicode>
                    </TextEquiv>
                    <TextStyle fontFamily="Times New Roman" fontSize="9.0"/>
                </Word>
                <Word id="w_w2aab1b1b2b3c17ac27" language="English" custom="readingOrder {index:3;}">
                    <Coords points="499,994 659,994 659,1032 499,1032"/>
                    <TextEquiv>
                        <Unicode>rehúsan,</Unicode>
                    </TextEquiv>
                    <TextStyle fontFamily="Times New Roman" fontSize="9.0"/>
                </Word>
                <TextEquiv>
                    <Unicode>á mi persona rehusan,</Unicode>
                </TextEquiv>
                <TextStyle fontFamily="Times New Roman" fontSize="9.0"/>
            </TextLine>
            <TextLine id="tl_19" primaryLanguage="English" custom="readingOrder {index:9;}">
                <Coords points="233,1035 696,1035 696,1086 233,1086"/>
                <Baseline points="233,1084 253,1084 286,1075 336,1075 433,1073 509,1070 561,1071 696,1069"/>
                <Word id="w_w2aab1b1b2b3c19ab1" language="English" custom="readingOrder {index:0;}">
                    <Coords points="233,1052 253,1052 253,1084 233,1084"/>
                    <TextEquiv>
                        <Unicode>y</Unicode>
                    </TextEquiv>
                    <TextStyle fontFamily="Times New Roman" fontSize="9.0"/>
                </Word>
                <Word id="w_w2aab1b1b2b3c19ab5" language="English" custom="readingOrder {index:1;}">
                    <Coords points="267,1041 286,1041 286,1075 267,1075"/>
                    <TextEquiv>
                        <Unicode>á</Unicode>
                    </TextEquiv>
                    <TextStyle fontFamily="Times New Roman" fontSize="9.0"/>
                </Word>
                <Word id="w_w2aab1b1b2b3c19ab9" language="English" custom="readingOrder {index:2;}">
                    <Coords points="301,1047 336,1047 336,1075 301,1075"/>
                    <TextEquiv>
                        <Unicode>tu</Unicode>
                    </TextEquiv>
                    <TextStyle fontFamily="Times New Roman" fontSize="9.0"/>
                </Word>
                <Word id="w_w2aab1b1b2b3c19ac15" language="English" custom="readingOrder {index:3;}">
                    <Coords points="365,1040 433,1040 433,1083 365,1083"/>
                    <TextEquiv>
                        <Unicode>hijo</Unicode>
                    </TextEquiv>
                    <TextStyle fontFamily="Times New Roman" fontSize="9.0"/>
                </Word>
                <Word id="w_w2aab1b1b2b3c19ac25" language="English" custom="readingOrder {index:4;}">
                    <Coords points="449,1048 509,1048 509,1082 449,1082"/>
                    <TextEquiv>
                        <Unicode>por</Unicode>
                    </TextEquiv>
                    <TextStyle fontFamily="Times New Roman" fontSize="9.0"/>
                </Word>
                <Word id="w_w2aab1b1b2b3c19ac33" language="English" custom="readingOrder {index:5;}">
                    <Coords points="528,1039 561,1039 561,1071 528,1071"/>
                    <TextEquiv>
                        <Unicode>lo</Unicode>
                    </TextEquiv>
                    <TextStyle fontFamily="Times New Roman" fontSize="9.0"/>
                </Word>
                <Word id="w_w2aab1b1b2b3c19ac39" language="English" custom="readingOrder {index:6;}">
                    <Coords points="578,1045 696,1045 696,1071 578,1071"/>
                    <TextEquiv>
                        <Unicode>menos</Unicode>
                    </TextEquiv>
                    <TextStyle fontFamily="Times New Roman" fontSize="9.0"/>
                </Word>
                <TextEquiv>
                    <Unicode>y á tu hijo por lo menos</Unicode>
                </TextEquiv>
                <TextStyle fontFamily="Times New Roman" fontSize="9.0"/>
            </TextLine>
            <TextLine id="tl_20" primaryLanguage="English" custom="readingOrder {index:10;}">
                <Coords points="234,1079 707,1079 707,1130 234,1130"/>
                <Baseline points="234,1119 277,1119 426,1117 575,1115 706,1113"/>
                <Word id="w_w2aab1b1b2b3c21ab1" language="English" custom="readingOrder {index:0;}">
                    <Coords points="234,1095 277,1095 277,1119 234,1119"/>
                    <TextEquiv>
                        <Unicode>en</Unicode>
                    </TextEquiv>
                    <TextStyle fontFamily="Times New Roman" fontSize="9.0"/>
                </Word>
                <Word id="w_w2aab1b1b2b3c21ab7" language="English" custom="readingOrder {index:1;}">
                    <Coords points="297,1086 426,1086 426,1128 297,1128"/>
                    <TextEquiv>
                        <Unicode>ningún</Unicode>
                    </TextEquiv>
                    <TextStyle fontFamily="Times New Roman" fontSize="9.0"/>
                </Word>
                <Word id="w_w2aab1b1b2b3c21ac21" language="English" custom="readingOrder {index:2;}">
                    <Coords points="449,1083 575,1083 575,1124 449,1124"/>
                    <TextEquiv>
                        <Unicode>tiempo</Unicode>
                    </TextEquiv>
                    <TextStyle fontFamily="Times New Roman" fontSize="9.0"/>
                </Word>
                <Word id="w_w2aab1b1b2b3c21ac35" language="English" custom="readingOrder {index:3;}">
                    <Coords points="602,1079 706,1079 706,1113 602,1113"/>
                    <TextEquiv>
                        <Unicode>darán</Unicode>
                    </TextEquiv>
                    <TextStyle fontFamily="Times New Roman" fontSize="9.0"/>
                </Word>
                <TextEquiv>
                    <Unicode>en ningun tiempo darán</Unicode>
                </TextEquiv>
                <TextStyle fontFamily="Times New Roman" fontSize="9.0"/>
            </TextLine>
            <TextLine id="tl_21" primaryLanguage="English" custom="readingOrder {index:11;}">
                <Coords points="236,1123 772,1123 772,1174 236,1174"/>
                <Baseline points="236,1164 276,1164 361,1163 421,1162 609,1159 772,1163"/>
                <Word id="w_w2aab1b1b2b3c23ab1" language="English" custom="readingOrder {index:0;}">
                    <Coords points="236,1130 276,1130 276,1164 236,1164"/>
                    <TextEquiv>
                        <Unicode>de</Unicode>
                    </TextEquiv>
                    <TextStyle fontFamily="Times New Roman" fontSize="9.0"/>
                </Word>
                <Word id="w_w2aab1b1b2b3c23ab7" language="English" custom="readingOrder {index:1;}">
                    <Coords points="295,1130 361,1130 361,1172 295,1172"/>
                    <TextEquiv>
                        <Unicode>hijo</Unicode>
                    </TextEquiv>
                    <TextStyle fontFamily="Times New Roman" fontSize="9.0"/>
                </Word>
                <Word id="w_w2aab1b1b2b3c23ac17" language="English" custom="readingOrder {index:2;}">
                    <Coords points="382,1129 421,1129 421,1162 382,1162"/>
                    <TextEquiv>
                        <Unicode>do</Unicode>
                    </TextEquiv>
                    <TextStyle fontFamily="Times New Roman" fontSize="9.0"/>
                </Word>
                <Word id="w_w2aab1b1b2b3c23ac23" language="English" custom="readingOrder {index:3;}">
                    <Coords points="450,1126 609,1126 609,1169 450,1169"/>
                    <TextEquiv>
                        <Unicode>marqués</Unicode>
                    </TextEquiv>
                    <TextStyle fontFamily="Times New Roman" fontSize="9.0"/>
                </Word>
                <Word id="w_w2aab1b1b2b3c23ac39" language="English" custom="readingOrder {index:4;}">
                    <Coords points="625,1126 772,1126 772,1167 625,1167"/>
                    <TextEquiv>
                        <Unicode>respeto;</Unicode>
                    </TextEquiv>
                    <TextStyle fontFamily="Times New Roman" fontSize="9.0"/>
                </Word>
                <TextEquiv>
                    <Unicode>de hijo do marqués respeto;</Unicode>
                </TextEquiv>
                <TextStyle fontFamily="Times New Roman" fontSize="9.0"/>
            </TextLine>
            <TextLine id="tl_22" primaryLanguage="English" custom="readingOrder {index:12;}">
                <Coords points="236,1168 751,1168 751,1218 236,1218"/>
                <Baseline points="236,1207 327,1207 431,1205 550,1203 607,1204 700,1201 751,1209"/>
                <Word id="w_w2aab1b1b2b3c25ab1" language="English" custom="readingOrder {index:0;}">
                    <Coords points="236,1176 327,1176 327,1216 236,1216"/>
                    <TextEquiv>
                        <Unicode>salga</Unicode>
                    </TextEquiv>
                    <TextStyle fontFamily="Times New Roman" fontSize="9.0"/>
                </Word>
                <Word id="w_w2aab1b1b2b3c25ac13" language="English" custom="readingOrder {index:1;}">
                    <Coords points="347,1182 431,1182 431,1216 347,1216"/>
                    <TextEquiv>
                        <Unicode>pues</Unicode>
                    </TextEquiv>
                    <TextStyle fontFamily="Times New Roman" fontSize="9.0"/>
                </Word>
                <Word id="w_w2aab1b1b2b3c25ac23" language="English" custom="readingOrder {index:2;}">
                    <Coords points="450,1173 550,1173 550,1213 450,1213"/>
                    <TextEquiv>
                        <Unicode>luego</Unicode>
                    </TextEquiv>
                    <TextStyle fontFamily="Times New Roman" fontSize="9.0"/>
                </Word>
                <Word id="w_w2aab1b1b2b3c25ac35" language="English" custom="readingOrder {index:3;}">
                    <Coords points="565,1171 607,1171 607,1204 565,1204"/>
                    <TextEquiv>
                        <Unicode>de</Unicode>
                    </TextEquiv>
                    <TextStyle fontFamily="Times New Roman" fontSize="9.0"/>
                </Word>
                <Word id="w_w2aab1b1b2b3c25ac41" language="English" custom="readingOrder {index:4;}">
                    <Coords points="623,1179 715,1179 715,1210 623,1210"/>
                    <TextEquiv>
                        <Unicode>casa.</Unicode>
                    </TextEquiv>
                    <TextStyle fontFamily="Times New Roman" fontSize="9.0"/>
                </Word>
                <Word id="w_w2aab1b1b2b3c25b1b1" language="English" custom="readingOrder {index:5;}">
                    <Coords points="740,1199 751,1199 751,1209 740,1209"/>
                    <TextEquiv>
                        <Unicode>.</Unicode>
                    </TextEquiv>
                    <TextStyle fontFamily="Times New Roman" fontSize="9.0"/>
                </Word>
                <TextEquiv>
                    <Unicode>salga pues luego de casa. .</Unicode>
                </TextEquiv>
            </TextLine>
            <TextEquiv>
                <Unicode>Entró donde estaba sola,&#13;
y como quien de veneno&#13;
está encendido, le dice:&#13;
quitar ese niño quiero&#13;
de mi presencia, pues ambos&#13;
sois el primer fundamento&#13;
de mi pundonor perdido,&#13;
y muchos estar sujetos&#13;
á mi persona rehusan,&#13;
y á tu hijo por lo menos&#13;
en ningun tiempo darán&#13;
de hijo do marqués respeto;&#13;
salga pues luego de casa. .</Unicode>
            </TextEquiv>
        </TextRegion>
        <TextRegion type="paragraph" id="r_1_3" custom="readingOrder {index:2;}">
            <Coords points="235,1211 825,1211 825,1658 235,1658"/>
            <TextLine id="tl_23" primaryLanguage="English" custom="readingOrder {index:0;}">
                <Coords points="236,1212 711,1212 711,1253 236,1253"/>
                <Baseline points="236,1251 262,1251 342,1251 560,1247 711,1246"/>
                <Word id="w_w2aab1b1b2b5b1ab1" language="English" custom="readingOrder {index:0;}">
                    <Coords points="236,1218 262,1218 262,1251 236,1251"/>
                    <TextEquiv>
                        <Unicode>Y</Unicode>
                    </TextEquiv>
                    <TextStyle fontFamily="Times New Roman" fontSize="9.0"/>
                </Word>
                <Word id="w_w2aab1b1b2b5b1ab5" language="English" custom="readingOrder {index:1;}">
                    <Coords points="280,1227 342,1227 342,1251 280,1251"/>
                    <TextEquiv>
                        <Unicode>con</Unicode>
                    </TextEquiv>
                    <TextStyle fontFamily="Times New Roman" fontSize="9.0"/>
                </Word>
                <Word id="w_w2aab1b1b2b5b1ac13" language="English" custom="readingOrder {index:2;}">
                    <Coords points="370,1216 560,1216 560,1250 370,1250"/>
                    <TextEquiv>
                        <Unicode>semblante</Unicode>
                    </TextEquiv>
                    <TextStyle fontFamily="Times New Roman" fontSize="9.0"/>
                </Word>
                <Word id="w_w2aab1b1b2b5b1ac33" language="English" custom="readingOrder {index:3;}">
                    <Coords points="575,1213 711,1213 711,1247 575,1247"/>
                    <TextEquiv>
                        <Unicode>risueño</Unicode>
                    </TextEquiv>
                    <TextStyle fontFamily="Times New Roman" fontSize="9.0"/>
                </Word>
                <TextEquiv>
                    <Unicode>Y con semblante risueño</Unicode>
                </TextEquiv>
                <TextStyle fontFamily="Times New Roman" fontSize="9.0"/>
            </TextLine>
            <TextLine id="tl_24" primaryLanguage="English" custom="readingOrder {index:1;}">
                <Coords points="238,1257 598,1257 598,1305 238,1305"/>
                <Baseline points="238,1296 304,1295 467,1293 598,1297"/>
                <Word id="w_w2aab1b1b2b5b3ab1" language="English" custom="readingOrder {index:0;}">
                    <Coords points="238,1262 304,1262 304,1304 238,1304"/>
                    <TextEquiv>
                        <Unicode>dijo</Unicode>
                    </TextEquiv>
                    <TextStyle fontFamily="Times New Roman" fontSize="9.0"/>
                </Word>
                <Word id="w_w2aab1b1b2b5b3ac11" language="English" custom="readingOrder {index:1;}">
                    <Coords points="318,1261 467,1261 467,1295 318,1295"/>
                    <TextEquiv>
                        <Unicode>Griselda</Unicode>
                    </TextEquiv>
                    <TextStyle fontFamily="Times New Roman" fontSize="9.0"/>
                </Word>
                <Word id="w_w2aab1b1b2b5b3ac29" language="English" custom="readingOrder {index:2;}">
                    <Coords points="484,1261 598,1261 598,1297 484,1297"/>
                    <TextEquiv>
                        <Unicode>señor,</Unicode>
                    </TextEquiv>
                    <TextStyle fontFamily="Times New Roman" fontSize="9.0"/>
                </Word>
                <TextEquiv>
                    <Unicode>dijo Griselda señor,</Unicode>
                </TextEquiv>
                <TextStyle fontFamily="Times New Roman" fontSize="9.0"/>
            </TextLine>
            <TextLine id="tl_25" primaryLanguage="English" custom="readingOrder {index:2;}">
                <Coords points="240,1300 690,1300 690,1350 240,1350"/>
                <Baseline points="240,1349 277,1339 331,1339 422,1338 506,1336 570,1334 690,1334"/>
                <Word id="w_w2aab1b1b2b5b5ab1" language="English" custom="readingOrder {index:0;}">
                    <Coords points="240,1316 277,1316 277,1349 240,1349"/>
                    <TextEquiv>
                        <Unicode>ya</Unicode>
                    </TextEquiv>
                    <TextStyle fontFamily="Times New Roman" fontSize="9.0"/>
                </Word>
                <Word id="w_w2aab1b1b2b5b5ab7" language="English" custom="readingOrder {index:1;}">
                    <Coords points="295,1315 331,1315 331,1339 295,1339"/>
                    <TextEquiv>
                        <Unicode>os</Unicode>
                    </TextEquiv>
                    <TextStyle fontFamily="Times New Roman" fontSize="9.0"/>
                </Word>
                <Word id="w_w2aab1b1b2b5b5ac13" language="English" custom="readingOrder {index:2;}">
                    <Coords points="355,1304 422,1304 422,1347 355,1347"/>
                    <TextEquiv>
                        <Unicode>dije</Unicode>
                    </TextEquiv>
                    <TextStyle fontFamily="Times New Roman" fontSize="9.0"/>
                </Word>
                <Word id="w_w2aab1b1b2b5b5ac23" language="English" custom="readingOrder {index:3;}">
                    <Coords points="440,1313 506,1313 506,1347 440,1347"/>
                    <TextEquiv>
                        <Unicode>que</Unicode>
                    </TextEquiv>
                    <TextStyle fontFamily="Times New Roman" fontSize="9.0"/>
                </Word>
                <Word id="w_w2aab1b1b2b5b5ac31" language="English" custom="readingOrder {index:4;}">
                    <Coords points="523,1302 570,1302 570,1336 523,1336"/>
                    <TextEquiv>
                        <Unicode>mi</Unicode>
                    </TextEquiv>
                    <TextStyle fontFamily="Times New Roman" fontSize="9.0"/>
                </Word>
                <Word id="w_w2aab1b1b2b5b5ac37" language="English" custom="readingOrder {index:5;}">
                    <Coords points="589,1301 690,1301 690,1335 589,1335"/>
                    <TextEquiv>
                        <Unicode>deseo</Unicode>
                    </TextEquiv>
                    <TextStyle fontFamily="Times New Roman" fontSize="9.0"/>
                </Word>
                <TextEquiv>
                    <Unicode>ya os dije que mi deseo</Unicode>
                </TextEquiv>
                <TextStyle fontFamily="Times New Roman" fontSize="9.0"/>
            </TextLine>
            <TextLine id="tl_26" primaryLanguage="English" custom="readingOrder {index:3;}">
                <Coords points="241,1345 609,1345 609,1393 241,1393"/>
                <Baseline points="241,1393 259,1393 319,1382 460,1381 609,1379"/>
                <Word id="w_w2aab1b1b2b5b7ab1" language="English" custom="readingOrder {index:0;}">
                    <Coords points="241,1359 259,1359 259,1393 241,1393"/>
                    <TextEquiv>
                        <Unicode>y</Unicode>
                    </TextEquiv>
                    <TextStyle fontFamily="Times New Roman" fontSize="9.0"/>
                </Word>
                <Word id="w_w2aab1b1b2b5b7ab5" language="English" custom="readingOrder {index:1;}">
                    <Coords points="273,1350 319,1350 319,1383 273,1383"/>
                    <TextEquiv>
                        <Unicode>mi</Unicode>
                    </TextEquiv>
                    <TextStyle fontFamily="Times New Roman" fontSize="9.0"/>
                </Word>
                <Word id="w_w2aab1b1b2b5b7ac11" language="English" custom="readingOrder {index:2;}">
                    <Coords points="345,1358 460,1358 460,1390 345,1390"/>
                    <TextEquiv>
                        <Unicode>mayor</Unicode>
                    </TextEquiv>
                    <TextStyle fontFamily="Times New Roman" fontSize="9.0"/>
                </Word>
                <Word id="w_w2aab1b1b2b5b7ac23" language="English" custom="readingOrder {index:3;}">
                    <Coords points="484,1346 609,1346 609,1388 484,1388"/>
                    <TextEquiv>
                        <Unicode>alegría</Unicode>
                    </TextEquiv>
                    <TextStyle fontFamily="Times New Roman" fontSize="9.0"/>
                </Word>
                <TextEquiv>
                    <Unicode>y mi mayor alegria</Unicode>
                </TextEquiv>
                <TextStyle fontFamily="Times New Roman" fontSize="9.0"/>
            </TextLine>
            <TextLine id="tl_27" primaryLanguage="English" custom="readingOrder {index:4;}">
                <Coords points="240,1387 695,1387 695,1437 240,1437"/>
                <Baseline points="241,1428 276,1427 394,1426 506,1425 695,1421"/>
                <Word id="w_w2aab1b1b2b5b9ab1" language="English" custom="readingOrder {index:0;}">
                    <Coords points="241,1403 276,1403 276,1428 241,1428"/>
                    <TextEquiv>
                        <Unicode>es</Unicode>
                    </TextEquiv>
                    <TextStyle fontFamily="Times New Roman" fontSize="9.0"/>
                </Word>
                <Word id="w_w2aab1b1b2b5b9ab7" language="English" custom="readingOrder {index:1;}">
                    <Coords points="297,1395 394,1395 394,1427 297,1427"/>
                    <TextEquiv>
                        <Unicode>daros</Unicode>
                    </TextEquiv>
                    <TextStyle fontFamily="Times New Roman" fontSize="9.0"/>
                </Word>
                <Word id="w_w2aab1b1b2b5b9ac19" language="English" custom="readingOrder {index:2;}">
                    <Coords points="408,1395 506,1395 506,1434 408,1434"/>
                    <TextEquiv>
                        <Unicode>gusto</Unicode>
                    </TextEquiv>
                    <TextStyle fontFamily="Times New Roman" fontSize="9.0"/>
                </Word>
                <Word id="w_w2aab1b1b2b5b9ac31" language="English" custom="readingOrder {index:3;}">
                    <Coords points="527,1388 695,1388 695,1431 527,1431"/>
                    <TextEquiv>
                        <Unicode>completo</Unicode>
                    </TextEquiv>
                    <TextStyle fontFamily="Times New Roman" fontSize="9.0"/>
                </Word>
                <TextEquiv>
                    <Unicode>es daros gusto completo</Unicode>
                </TextEquiv>
                <TextStyle fontFamily="Times New Roman" fontSize="9.0"/>
            </TextLine>
            <TextLine id="tl_28" primaryLanguage="English" custom="readingOrder {index:5;}">
                <Coords points="241,1432 672,1432 672,1481 241,1481"/>
                <Baseline points="241,1472 285,1470 394,1474 439,1478 502,1468 672,1465"/>
                <Word id="w_w2aab1b1b2b5c11ab1" language="English" custom="readingOrder {index:0;}">
                    <Coords points="241,1447 285,1447 285,1472 241,1472"/>
                    <TextEquiv>
                        <Unicode>en</Unicode>
                    </TextEquiv>
                    <TextStyle fontFamily="Times New Roman" fontSize="9.0"/>
                </Word>
                <Word id="w_w2aab1b1b2b5c11ab7" language="English" custom="readingOrder {index:1;}">
                    <Coords points="303,1438 394,1438 394,1474 303,1474"/>
                    <TextEquiv>
                        <Unicode>todo,</Unicode>
                    </TextEquiv>
                    <TextStyle fontFamily="Times New Roman" fontSize="9.0"/>
                </Word>
                <Word id="w_w2aab1b1b2b5c11ac19" language="English" custom="readingOrder {index:2;}">
                    <Coords points="420,1446 439,1446 439,1478 420,1478"/>
                    <TextEquiv>
                        <Unicode>y</Unicode>
                    </TextEquiv>
                    <TextStyle fontFamily="Times New Roman" fontSize="9.0"/>
                </Word>
                <Word id="w_w2aab1b1b2b5c11ac23" language="English" custom="readingOrder {index:3;}">
                    <Coords points="454,1435 502,1435 502,1469 454,1469"/>
                    <TextEquiv>
                        <Unicode>así</Unicode>
                    </TextEquiv>
                    <TextStyle fontFamily="Times New Roman" fontSize="9.0"/>
                </Word>
                <Word id="w_w2aab1b1b2b5c11ac31" language="English" custom="readingOrder {index:4;}">
                    <Coords points="526,1432 672,1432 672,1468 526,1468"/>
                    <TextEquiv>
                        <Unicode>mandad</Unicode>
                    </TextEquiv>
                    <TextStyle fontFamily="Times New Roman" fontSize="9.0"/>
                </Word>
                <TextEquiv>
                    <Unicode>en todo, y así mandad</Unicode>
                </TextEquiv>
                <TextStyle fontFamily="Times New Roman" fontSize="9.0"/>
            </TextLine>
            <TextLine id="tl_29" primaryLanguage="English" custom="readingOrder {index:6;}">
                <Coords points="241,1475 742,1475 742,1526 241,1526"/>
                <Baseline points="241,1515 273,1516 370,1515 552,1511 742,1508"/>
                <Word id="w_w2aab1b1b2b5c13ab1" language="English" custom="readingOrder {index:0;}">
                    <Coords points="241,1483 273,1483 273,1516 241,1516"/>
                    <TextEquiv>
                        <Unicode>lo</Unicode>
                    </TextEquiv>
                    <TextStyle fontFamily="Times New Roman" fontSize="9.0"/>
                </Word>
                <Word id="w_w2aab1b1b2b5c13ab7" language="English" custom="readingOrder {index:1;}">
                    <Coords points="306,1491 370,1491 370,1524 306,1524"/>
                    <TextEquiv>
                        <Unicode>que</Unicode>
                    </TextEquiv>
                    <TextStyle fontFamily="Times New Roman" fontSize="9.0"/>
                </Word>
                <Word id="w_w2aab1b1b2b5c13ac15" language="English" custom="readingOrder {index:2;}">
                    <Coords points="393,1479 552,1479 552,1514 393,1514"/>
                    <TextEquiv>
                        <Unicode>tuviereis</Unicode>
                    </TextEquiv>
                    <TextStyle fontFamily="Times New Roman" fontSize="9.0"/>
                </Word>
                <Word id="w_w2aab1b1b2b5c13ac35" language="English" custom="readingOrder {index:3;}">
                    <Coords points="568,1479 742,1479 742,1520 568,1520"/>
                    <TextEquiv>
                        <Unicode>dispuesto</Unicode>
                    </TextEquiv>
                    <TextStyle fontFamily="Times New Roman" fontSize="9.0"/>
                </Word>
                <TextEquiv>
                    <Unicode>lo que tuviéreis dispuesto</Unicode>
                </TextEquiv>
                <TextStyle fontFamily="Times New Roman" fontSize="9.0"/>
            </TextLine>
            <TextLine id="tl_30" primaryLanguage="English" custom="readingOrder {index:7;}">
                <Coords points="243,1519 824,1519 824,1570 243,1570"/>
                <Baseline points="244,1569 309,1560 414,1557 568,1556 599,1556 824,1559"/>
                <Word id="w_w2aab1b1b2b5c15ab1" language="English" custom="readingOrder {index:0;}">
                    <Coords points="244,1535 309,1535 309,1569 244,1569"/>
                    <TextEquiv>
                        <Unicode>que</Unicode>
                    </TextEquiv>
                    <TextStyle fontFamily="Times New Roman" fontSize="9.0"/>
                </Word>
                <Word id="w_w2aab1b1b2b5c15ab9" language="English" custom="readingOrder {index:1;}">
                    <Coords points="337,1526 414,1526 414,1558 337,1558"/>
                    <TextEquiv>
                        <Unicode>todo</Unicode>
                    </TextEquiv>
                    <TextStyle fontFamily="Times New Roman" fontSize="9.0"/>
                </Word>
                <Word id="w_w2aab1b1b2b5c15ac19" language="English" custom="readingOrder {index:2;}">
                    <Coords points="444,1527 568,1527 568,1558 444,1558"/>
                    <TextEquiv>
                        <Unicode>cuanto</Unicode>
                    </TextEquiv>
                    <TextStyle fontFamily="Times New Roman" fontSize="9.0"/>
                </Word>
                <Word id="w_w2aab1b1b2b5c15ac33" language="English" custom="readingOrder {index:3;}">
                    <Coords points="581,1522 599,1522 599,1556 581,1556"/>
                    <TextEquiv>
                        <Unicode>á</Unicode>
                    </TextEquiv>
                    <TextStyle fontFamily="Times New Roman" fontSize="9.0"/>
                </Word>
                <Word id="w_w2aab1b1b2b5c15ac37" language="English" custom="readingOrder {index:4;}">
                    <Coords points="697,1520 824,1521 824,1562 697,1561"/>
                    <TextEquiv>
                        <Unicode>vosplazga,</Unicode>
                    </TextEquiv>
                    <TextStyle fontFamily="Times New Roman" fontSize="9.0"/>
                </Word>
                <Word id="word_1602751789322_1129" custom="readingOrder {index:5;}">
                    <Coords points="624,1529 687,1529 687,1554 624,1554"/>
                    <TextEquiv>
                        <Unicode></Unicode>
                    </TextEquiv>
                </Word>
                <TextEquiv>
                    <Unicode>que todo cuanto à vos plazga,</Unicode>
                </TextEquiv>
                <TextStyle fontFamily="Times New Roman" fontSize="9.0"/>
            </TextLine>
            <TextLine id="tl_31" primaryLanguage="English" custom="readingOrder {index:8;}">
                <Coords points="243,1562 814,1562 814,1614 243,1614"/>
                <Baseline points="243,1603 299,1603 415,1602 462,1602 541,1600 644,1598 701,1597 814,1597"/>
                <Word id="w_w2aab1b1b2b5c17ab1" language="English" custom="readingOrder {index:0;}">
                    <Coords points="243,1579 299,1579 299,1603 243,1603"/>
                    <TextEquiv>
                        <Unicode>me</Unicode>
                    </TextEquiv>
                    <TextStyle fontFamily="Times New Roman" fontSize="9.0"/>
                </Word>
                <Word id="w_w2aab1b1b2b5c17ab7" language="English" custom="readingOrder {index:1;}">
                    <Coords points="318,1570 415,1570 415,1612 318,1612"/>
                    <TextEquiv>
                        <Unicode>place</Unicode>
                    </TextEquiv>
                    <TextStyle fontFamily="Times New Roman" fontSize="9.0"/>
                </Word>
                <Word id="w_w2aab1b1b2b5c17ac19" language="English" custom="readingOrder {index:2;}">
                    <Coords points="445,1569 462,1569 462,1602 445,1602"/>
                    <TextEquiv>
                        <Unicode>á</Unicode>
                    </TextEquiv>
                    <TextStyle fontFamily="Times New Roman" fontSize="9.0"/>
                </Word>
                <Word id="w_w2aab1b1b2b5c17ac23" language="English" custom="readingOrder {index:3;}">
                    <Coords points="494,1566 541,1566 541,1601 494,1601"/>
                    <TextEquiv>
                        <Unicode>mí</Unicode>
                    </TextEquiv>
                    <TextStyle fontFamily="Times New Roman" fontSize="9.0"/>
                </Word>
                <Word id="w_w2aab1b1b2b5c17ac29" language="English" custom="readingOrder {index:4;}">
                    <Coords points="561,1575 644,1575 644,1609 561,1609"/>
                    <TextEquiv>
                        <Unicode>pues</Unicode>
                    </TextEquiv>
                    <TextStyle fontFamily="Times New Roman" fontSize="9.0"/>
                </Word>
                <Word id="w_w2aab1b1b2b5c17ac39" language="English" custom="readingOrder {index:5;}">
                    <Coords points="658,1573 701,1573 701,1598 658,1598"/>
                    <TextEquiv>
                        <Unicode>no</Unicode>
                    </TextEquiv>
                    <TextStyle fontFamily="Times New Roman" fontSize="9.0"/>
                </Word>
                <Word id="w_w2aab1b1b2b5c17ac45" language="English" custom="readingOrder {index:6;}">
                    <Coords points="723,1568 814,1568 814,1597 723,1597"/>
                    <TextEquiv>
                        <Unicode>temo</Unicode>
                    </TextEquiv>
                    <TextStyle fontFamily="Times New Roman" fontSize="9.0"/>
                </Word>
                <TextEquiv>
                    <Unicode>me place á mí pues no temo</Unicode>
                </TextEquiv>
                <TextStyle fontFamily="Times New Roman" fontSize="9.0"/>
            </TextLine>
            <TextLine id="tl_32" primaryLanguage="English" custom="readingOrder {index:9;}">
                <Coords points="242,1609 714,1609 714,1657 242,1657"/>
                <Baseline points="242,1657 364,1646 403,1647 499,1645 592,1644 624,1643 714,1641"/>
                <Word id="w_w2aab1b1b2b5c19ab1" language="English" custom="readingOrder {index:0;}">
                    <Coords points="242,1616 364,1616 364,1657 242,1657"/>
                    <TextEquiv>
                        <Unicode>perder</Unicode>
                    </TextEquiv>
                    <TextStyle fontFamily="Times New Roman" fontSize="9.0"/>
                </Word>
                <Word id="w_w2aab1b1b2b5c19ac15" language="English" custom="readingOrder {index:1;}">
                    <Coords points="387,1613 403,1613 403,1647 387,1647"/>
                    <TextEquiv>
                        <Unicode>á</Unicode>
                    </TextEquiv>
                    <TextStyle fontFamily="Times New Roman" fontSize="9.0"/>
                </Word>
                <Word id="w_w2aab1b1b2b5c19ac19" language="English" custom="readingOrder {index:2;}">
                    <Coords points="426,1616 499,1616 499,1646 426,1646"/>
                    <TextEquiv>
                        <Unicode>otro</Unicode>
                    </TextEquiv>
                    <TextStyle fontFamily="Times New Roman" fontSize="9.0"/>
                </Word>
                <Word id="w_w2aab1b1b2b5c19ac29" language="English" custom="readingOrder {index:3;}">
                    <Coords points="519,1611 592,1611 592,1645 519,1645"/>
                    <TextEquiv>
                        <Unicode>sino</Unicode>
                    </TextEquiv>
                    <TextStyle fontFamily="Times New Roman" fontSize="9.0"/>
                </Word>
                <Word id="w_w2aab1b1b2b5c19ac39" language="English" custom="readingOrder {index:4;}">
                    <Coords points="608,1611 624,1611 624,1643 608,1643"/>
                    <TextEquiv>
                        <Unicode>á</Unicode>
                    </TextEquiv>
                    <TextStyle fontFamily="Times New Roman" fontSize="9.0"/>
                </Word>
                <Word id="w_w2aab1b1b2b5c19ac43" language="English" custom="readingOrder {index:5;}">
                    <Coords points="643,1618 714,1618 714,1643 643,1643"/>
                    <TextEquiv>
                        <Unicode>vos.</Unicode>
                    </TextEquiv>
                    <TextStyle fontFamily="Times New Roman" fontSize="9.0"/>
                </Word>
                <TextEquiv>
                    <Unicode>perder á otro sino á vos.</Unicode>
                </TextEquiv>
                <TextStyle fontFamily="Times New Roman" fontSize="9.0"/>
            </TextLine>
            <TextEquiv>
                <Unicode>Y con semblante risueño&#13;
dijo Griselda señor,&#13;
ya os dije que mi deseo&#13;
y mi mayor alegria&#13;
es daros gusto completo&#13;
en todo, y así mandad&#13;
lo que tuviéreis dispuesto&#13;
que todo cuanto à vos plazga,&#13;
me place á mí pues no temo&#13;
perder á otro sino á vos.</Unicode>
            </TextEquiv>
        </TextRegion>
        <TextRegion type="paragraph" id="r_1_4" custom="readingOrder {index:3;}">
            <Coords points="243,1652 801,1652 801,2093 243,2093"/>
            <TextLine id="tl_33" primaryLanguage="English" custom="readingOrder {index:0;}">
                <Coords points="244,1653 670,1653 670,1701 244,1701"/>
                <Baseline points="244,1692 339,1691 512,1689 670,1687"/>
                <Word id="w_w2aab1b1b2b7b1ab1" language="English" custom="readingOrder {index:0;}">
                    <Coords points="244,1659 339,1659 339,1692 244,1692"/>
                    <TextEquiv>
                        <Unicode>Estas</Unicode>
                    </TextEquiv>
                    <TextStyle fontFamily="Times New Roman" fontSize="9.0"/>
                </Word>
                <Word id="w_w2aab1b1b2b7b1ac13" language="English" custom="readingOrder {index:1;}">
                    <Coords points="359,1657 512,1657 512,1699 359,1699"/>
                    <TextEquiv>
                        <Unicode>palabras</Unicode>
                    </TextEquiv>
                    <TextStyle fontFamily="Times New Roman" fontSize="9.0"/>
                </Word>
                <Word id="w_w2aab1b1b2b7b1ac31" language="English" custom="readingOrder {index:2;}">
                    <Coords points="543,1655 670,1655 670,1696 543,1696"/>
                    <TextEquiv>
                        <Unicode>oyendo</Unicode>
                    </TextEquiv>
                    <TextStyle fontFamily="Times New Roman" fontSize="9.0"/>
                </Word>
                <TextEquiv>
                    <Unicode>Estas palabras oyendo</Unicode>
                </TextEquiv>
                <TextStyle fontFamily="Times New Roman" fontSize="9.0"/>
            </TextLine>
            <TextLine id="tl_34" primaryLanguage="English" custom="readingOrder {index:1;}">
                <Coords points="244,1696 739,1696 739,1746 244,1746"/>
                <Baseline points="244,1735 280,1734 389,1734 431,1743 553,1733 605,1731 738,1731"/>
                <Word id="w_w2aab1b1b2b7b3ab1" language="English" custom="readingOrder {index:0;}">
                    <Coords points="244,1711 280,1711 280,1735 244,1735"/>
                    <TextEquiv>
                        <Unicode>se</Unicode>
                    </TextEquiv>
                    <TextStyle fontFamily="Times New Roman" fontSize="9.0"/>
                </Word>
                <Word id="w_w2aab1b1b2b7b3ab7" language="English" custom="readingOrder {index:1;}">
                    <Coords points="307,1702 389,1702 389,1735 307,1735"/>
                    <TextEquiv>
                        <Unicode>salió</Unicode>
                    </TextEquiv>
                    <TextStyle fontFamily="Times New Roman" fontSize="9.0"/>
                </Word>
                <Word id="w_w2aab1b1b2b7b3ac19" language="English" custom="readingOrder {index:2;}">
                    <Coords points="412,1711 431,1711 431,1743 412,1743"/>
                    <TextEquiv>
                        <Unicode>y</Unicode>
                    </TextEquiv>
                    <TextStyle fontFamily="Times New Roman" fontSize="9.0"/>
                </Word>
                <Word id="w_w2aab1b1b2b7b3ac23" language="English" custom="readingOrder {index:3;}">
                    <Coords points="450,1699 553,1699 553,1734 450,1734"/>
                    <TextEquiv>
                        <Unicode>llamó</Unicode>
                    </TextEquiv>
                    <TextStyle fontFamily="Times New Roman" fontSize="9.0"/>
                </Word>
                <Word id="w_w2aab1b1b2b7b3ac35" language="English" custom="readingOrder {index:4;}">
                    <Coords points="574,1698 605,1698 605,1732 574,1732"/>
                    <TextEquiv>
                        <Unicode>al</Unicode>
                    </TextEquiv>
                    <TextStyle fontFamily="Times New Roman" fontSize="9.0"/>
                </Word>
                <Word id="w_w2aab1b1b2b7b3ac41" language="English" custom="readingOrder {index:5;}">
                    <Coords points="625,1697 738,1697 738,1732 625,1732"/>
                    <TextEquiv>
                        <Unicode>criado</Unicode>
                    </TextEquiv>
                    <TextStyle fontFamily="Times New Roman" fontSize="9.0"/>
                </Word>
                <TextEquiv>
                    <Unicode>se salió y llamó al criado</Unicode>
                </TextEquiv>
                <TextStyle fontFamily="Times New Roman" fontSize="9.0"/>
            </TextLine>
            <TextLine id="tl_35" primaryLanguage="English" custom="readingOrder {index:2;}">
                <Coords points="247,1739 767,1739 767,1790 247,1790"/>
                <Baseline points="247,1779 434,1778 517,1777 564,1776 767,1775"/>
                <Word id="w_w2aab1b1b2b7b5ab1" language="English" custom="readingOrder {index:0;}">
                    <Coords points="247,1745 434,1745 434,1780 247,1780"/>
                    <TextEquiv>
                        <Unicode>diciéndole</Unicode>
                    </TextEquiv>
                    <TextStyle fontFamily="Times New Roman" fontSize="9.0"/>
                </Word>
                <Word id="w_w2aab1b1b2b7b5ac23" language="English" custom="readingOrder {index:1;}">
                    <Coords points="451,1753 517,1753 517,1787 451,1787"/>
                    <TextEquiv>
                        <Unicode>que</Unicode>
                    </TextEquiv>
                    <TextStyle fontFamily="Times New Roman" fontSize="9.0"/>
                </Word>
                <Word id="w_w2aab1b1b2b7b5ac31" language="English" custom="readingOrder {index:2;}">
                    <Coords points="534,1744 564,1744 564,1776 534,1776"/>
                    <TextEquiv>
                        <Unicode>al</Unicode>
                    </TextEquiv>
                    <TextStyle fontFamily="Times New Roman" fontSize="9.0"/>
                </Word>
                <Word id="w_w2aab1b1b2b7b5ac37" language="English" custom="readingOrder {index:3;}">
                    <Coords points="593,1744 767,1744 767,1776 593,1776"/>
                    <TextEquiv>
                        <Unicode>momento</Unicode>
                    </TextEquiv>
                    <TextStyle fontFamily="Times New Roman" fontSize="9.0"/>
                </Word>
                <TextEquiv>
                    <Unicode>diciéndole que al momento</Unicode>
                </TextEquiv>
                <TextStyle fontFamily="Times New Roman" fontSize="9.0"/>
            </TextLine>
            <TextLine id="tl_36" primaryLanguage="English" custom="readingOrder {index:3;}">
                <Coords points="245,1784 739,1784 739,1834 245,1834"/>
                <Baseline points="245,1821 328,1823 372,1832 421,1822 534,1822 588,1819 739,1819"/>
                <Word id="w_w2aab1b1b2b7b7ab1" language="English" custom="readingOrder {index:0;}">
                    <Coords points="245,1799 328,1799 328,1833 245,1833"/>
                    <TextEquiv>
                        <Unicode>vaya</Unicode>
                    </TextEquiv>
                    <TextStyle fontFamily="Times New Roman" fontSize="9.0"/>
                </Word>
                <Word id="w_w2aab1b1b2b7b7ac11" language="English" custom="readingOrder {index:1;}">
                    <Coords points="354,1800 372,1800 372,1832 354,1832"/>
                    <TextEquiv>
                        <Unicode>y</Unicode>
                    </TextEquiv>
                    <TextStyle fontFamily="Times New Roman" fontSize="9.0"/>
                </Word>
                <Word id="w_w2aab1b1b2b7b7ac15" language="English" custom="readingOrder {index:2;}">
                    <Coords points="389,1789 421,1789 421,1822 389,1822"/>
                    <TextEquiv>
                        <Unicode>le</Unicode>
                    </TextEquiv>
                    <TextStyle fontFamily="Times New Roman" fontSize="9.0"/>
                </Word>
                <Word id="w_w2aab1b1b2b7b7ac21" language="English" custom="readingOrder {index:3;}">
                    <Coords points="441,1789 534,1789 534,1831 441,1831"/>
                    <TextEquiv>
                        <Unicode>quite</Unicode>
                    </TextEquiv>
                    <TextStyle fontFamily="Times New Roman" fontSize="9.0"/>
                </Word>
                <Word id="w_w2aab1b1b2b7b7ac33" language="English" custom="readingOrder {index:4;}">
                    <Coords points="557,1787 588,1787 588,1820 557,1820"/>
                    <TextEquiv>
                        <Unicode>el</Unicode>
                    </TextEquiv>
                    <TextStyle fontFamily="Times New Roman" fontSize="9.0"/>
                </Word>
                <Word id="w_w2aab1b1b2b7b7ac39" language="English" custom="readingOrder {index:5;}">
                    <Coords points="611,1786 739,1786 739,1819 611,1819"/>
                    <TextEquiv>
                        <Unicode>infante</Unicode>
                    </TextEquiv>
                    <TextStyle fontFamily="Times New Roman" fontSize="9.0"/>
                </Word>
                <TextEquiv>
                    <Unicode>vaya y le quite el infante</Unicode>
                </TextEquiv>
                <TextStyle fontFamily="Times New Roman" fontSize="9.0"/>
            </TextLine>
            <TextLine id="tl_37" primaryLanguage="English" custom="readingOrder {index:4;}">
                <Coords points="247,1828 800,1828 800,1880 247,1880"/>
                <Baseline points="247,1868 288,1867 353,1867 502,1872 590,1863 799,1863"/>
                <Word id="w_w2aab1b1b2b7b9ab1" language="English" custom="readingOrder {index:0;}">
                    <Coords points="247,1835 288,1835 288,1868 247,1868"/>
                    <TextEquiv>
                        <Unicode>de</Unicode>
                    </TextEquiv>
                    <TextStyle fontFamily="Times New Roman" fontSize="9.0"/>
                </Word>
                <Word id="w_w2aab1b1b2b7b9ab7" language="English" custom="readingOrder {index:1;}">
                    <Coords points="304,1835 353,1835 353,1868 304,1868"/>
                    <TextEquiv>
                        <Unicode>los</Unicode>
                    </TextEquiv>
                    <TextStyle fontFamily="Times New Roman" fontSize="9.0"/>
                </Word>
                <Word id="w_w2aab1b1b2b7b9ac15" language="English" custom="readingOrder {index:2;}">
                    <Coords points="374,1834 502,1834 502,1872 374,1872"/>
                    <TextEquiv>
                        <Unicode>brazos,</Unicode>
                    </TextEquiv>
                    <TextStyle fontFamily="Times New Roman" fontSize="9.0"/>
                </Word>
                <Word id="w_w2aab1b1b2b7b9ac31" language="English" custom="readingOrder {index:3;}">
                    <Coords points="525,1831 590,1831 590,1876 525,1876"/>
                    <TextEquiv>
                        <Unicode>qué</Unicode>
                    </TextEquiv>
                    <TextStyle fontFamily="Times New Roman" fontSize="9.0"/>
                </Word>
                <Word id="w_w2aab1b1b2b7b9ac39" language="English" custom="readingOrder {index:4;}">
                    <Coords points="617,1832 799,1832 799,1864 617,1864"/>
                    <TextEquiv>
                        <Unicode>tormento!</Unicode>
                    </TextEquiv>
                    <TextStyle fontFamily="Times New Roman" fontSize="9.0"/>
                </Word>
                <TextEquiv>
                    <Unicode>de los brazos, qué tormento!</Unicode>
                </TextEquiv>
                <TextStyle fontFamily="Times New Roman" fontSize="9.0"/>
            </TextLine>
            <TextLine id="tl_38" primaryLanguage="English" custom="readingOrder {index:5;}">
                <Coords points="248,1872 716,1872 716,1922 248,1922"/>
                <Baseline points="248,1912 318,1911 364,1910 492,1910 527,1918 578,1908 716,1907"/>
                <Word id="w_w2aab1b1b2b7c11ab1" language="English" custom="readingOrder {index:0;}">
                    <Coords points="248,1878 318,1878 318,1912 248,1912"/>
                    <TextEquiv>
                        <Unicode>Fué</Unicode>
                    </TextEquiv>
                    <TextStyle fontFamily="Times New Roman" fontSize="9.0"/>
                </Word>
                <Word id="w_w2aab1b1b2b7c11ab9" language="English" custom="readingOrder {index:1;}">
                    <Coords points="333,1878 364,1878 364,1910 333,1910"/>
                    <TextEquiv>
                        <Unicode>el</Unicode>
                    </TextEquiv>
                    <TextStyle fontFamily="Times New Roman" fontSize="9.0"/>
                </Word>
                <Word id="w_w2aab1b1b2b7c11ac15" language="English" custom="readingOrder {index:2;}">
                    <Coords points="382,1877 492,1877 492,1911 382,1911"/>
                    <TextEquiv>
                        <Unicode>criado</Unicode>
                    </TextEquiv>
                    <TextStyle fontFamily="Times New Roman" fontSize="9.0"/>
                </Word>
                <Word id="w_w2aab1b1b2b7c11ac29" language="English" custom="readingOrder {index:3;}">
                    <Coords points="511,1888 527,1888 527,1918 511,1918"/>
                    <TextEquiv>
                        <Unicode>y</Unicode>
                    </TextEquiv>
                    <TextStyle fontFamily="Times New Roman" fontSize="9.0"/>
                </Word>
                <Word id="w_w2aab1b1b2b7c11ac33" language="English" custom="readingOrder {index:4;}">
                    <Coords points="549,1876 578,1876 578,1908 549,1908"/>
                    <TextEquiv>
                        <Unicode>la</Unicode>
                    </TextEquiv>
                    <TextStyle fontFamily="Times New Roman" fontSize="9.0"/>
                </Word>
                <Word id="w_w2aab1b1b2b7c11ac39" language="English" custom="readingOrder {index:5;}">
                    <Coords points="596,1878 716,1878 716,1908 596,1908"/>
                    <TextEquiv>
                        <Unicode>señora</Unicode>
                    </TextEquiv>
                    <TextStyle fontFamily="Times New Roman" fontSize="9.0"/>
                </Word>
                <TextEquiv>
                    <Unicode>Fué el criado y la señora</Unicode>
                </TextEquiv>
                <TextStyle fontFamily="Times New Roman" fontSize="9.0"/>
            </TextLine>
            <TextLine id="tl_39" primaryLanguage="English" custom="readingOrder {index:6;}">
                <Coords points="247,1915 766,1915 766,1966 247,1966"/>
                <Baseline points="247,1965 472,1954 537,1954 645,1952 766,1957"/>
                <Word id="w_w2aab1b1b2b7c13ab1" language="English" custom="readingOrder {index:0;}">
                    <Coords points="247,1921 472,1921 472,1965 247,1965"/>
                    <TextEquiv>
                        <Unicode>persignando</Unicode>
                    </TextEquiv>
                    <TextStyle fontFamily="Times New Roman" fontSize="9.0"/>
                </Word>
                <Word id="w_w2aab1b1b2b7c13ac25" language="English" custom="readingOrder {index:1;}">
                    <Coords points="503,1921 537,1921 537,1954 503,1954"/>
                    <TextEquiv>
                        <Unicode>al</Unicode>
                    </TextEquiv>
                    <TextStyle fontFamily="Times New Roman" fontSize="9.0"/>
                </Word>
                <Word id="w_w2aab1b1b2b7c13ac31" language="English" custom="readingOrder {index:2;}">
                    <Coords points="562,1920 645,1920 645,1952 562,1952"/>
                    <TextEquiv>
                        <Unicode>niño</Unicode>
                    </TextEquiv>
                    <TextStyle fontFamily="Times New Roman" fontSize="9.0"/>
                </Word>
                <Word id="w_w2aab1b1b2b7c13ac41" language="English" custom="readingOrder {index:3;}">
                    <Coords points="664,1918 766,1918 766,1957 664,1957"/>
                    <TextEquiv>
                        <Unicode>bello,</Unicode>
                    </TextEquiv>
                    <TextStyle fontFamily="Times New Roman" fontSize="9.0"/>
                </Word>
                <TextEquiv>
                    <Unicode>persignando al niño bello,</Unicode>
                </TextEquiv>
                <TextStyle fontFamily="Times New Roman" fontSize="9.0"/>
            </TextLine>
            <TextLine id="tl_40" primaryLanguage="English" custom="readingOrder {index:7;}">
                <Coords points="248,1959 760,1959 760,2011 248,2011"/>
                <Baseline points="248,2000 281,2000 391,2006 466,1998 535,1998 639,1996 760,2002"/>
                <Word id="w_w2aab1b1b2b7c15ab1" language="English" custom="readingOrder {index:0;}">
                    <Coords points="248,1968 281,1968 281,2000 248,2000"/>
                    <TextEquiv>
                        <Unicode>lo</Unicode>
                    </TextEquiv>
                    <TextStyle fontFamily="Times New Roman" fontSize="9.0"/>
                </Word>
                <Word id="w_w2aab1b1b2b7c15ab7" language="English" custom="readingOrder {index:1;}">
                    <Coords points="298,1965 391,1965 391,2006 298,2006"/>
                    <TextEquiv>
                        <Unicode>besó,</Unicode>
                    </TextEquiv>
                    <TextStyle fontFamily="Times New Roman" fontSize="9.0"/>
                </Word>
                <Word id="w_w2aab1b1b2b7c15ac19" language="English" custom="readingOrder {index:2;}">
                    <Coords points="422,1973 466,1973 466,1998 422,1998"/>
                    <TextEquiv>
                        <Unicode>no</Unicode>
                    </TextEquiv>
                    <TextStyle fontFamily="Times New Roman" fontSize="9.0"/>
                </Word>
                <Word id="w_w2aab1b1b2b7c15ac25" language="English" custom="readingOrder {index:3;}">
                    <Coords points="486,1965 535,1965 535,1998 486,1998"/>
                    <TextEquiv>
                        <Unicode>sin</Unicode>
                    </TextEquiv>
                    <TextStyle fontFamily="Times New Roman" fontSize="9.0"/>
                </Word>
                <Word id="w_w2aab1b1b2b7c15ac33" language="English" custom="readingOrder {index:4;}">
                    <Coords points="557,1972 639,1972 639,2005 557,2005"/>
                    <TextEquiv>
                        <Unicode>gran</Unicode>
                    </TextEquiv>
                    <TextStyle fontFamily="Times New Roman" fontSize="9.0"/>
                </Word>
                <Word id="w_w2aab1b1b2b7c15ac43" language="English" custom="readingOrder {index:5;}">
                    <Coords points="662,1971 760,1971 760,2005 662,2005"/>
                    <TextEquiv>
                        <Unicode>pena,</Unicode>
                    </TextEquiv>
                    <TextStyle fontFamily="Times New Roman" fontSize="9.0"/>
                </Word>
                <TextEquiv>
                    <Unicode>lo besó, no sin gran pena,</Unicode>
                </TextEquiv>
                <TextStyle fontFamily="Times New Roman" fontSize="9.0"/>
            </TextLine>
            <TextLine id="tl_41" primaryLanguage="English" custom="readingOrder {index:8;}">
                <Coords points="250,2006 697,2006 697,2055 250,2055"/>
                <Baseline points="250,2045 387,2044 526,2043 561,2050 697,2040"/>
                <Word id="w_w2aab1b1b2b7c17ab1" language="English" custom="readingOrder {index:0;}">
                    <Coords points="250,2019 387,2019 387,2053 250,2053"/>
                    <TextEquiv>
                        <Unicode>aunque</Unicode>
                    </TextEquiv>
                    <TextStyle fontFamily="Times New Roman" fontSize="9.0"/>
                </Word>
                <Word id="w_w2aab1b1b2b7c17ac15" language="English" custom="readingOrder {index:1;}">
                    <Coords points="410,2009 526,2009 526,2043 410,2043"/>
                    <TextEquiv>
                        <Unicode>festivo</Unicode>
                    </TextEquiv>
                    <TextStyle fontFamily="Times New Roman" fontSize="9.0"/>
                </Word>
                <Word id="w_w2aab1b1b2b7c17ac31" language="English" custom="readingOrder {index:2;}">
                    <Coords points="543,2018 561,2018 561,2050 543,2050"/>
                    <TextEquiv>
                        <Unicode>y</Unicode>
                    </TextEquiv>
                    <TextStyle fontFamily="Times New Roman" fontSize="9.0"/>
                </Word>
                <Word id="w_w2aab1b1b2b7c17ac35" language="English" custom="readingOrder {index:3;}">
                    <Coords points="578,2016 697,2016 697,2040 578,2040"/>
                    <TextEquiv>
                        <Unicode>sereno</Unicode>
                    </TextEquiv>
                    <TextStyle fontFamily="Times New Roman" fontSize="9.0"/>
                </Word>
                <TextEquiv>
                    <Unicode>aunque festivo y sereno</Unicode>
                </TextEquiv>
                <TextStyle fontFamily="Times New Roman" fontSize="9.0"/>
            </TextLine>
            <TextLine id="tl_42" primaryLanguage="English" custom="readingOrder {index:9;}">
                <Coords points="250,2049 742,2049 742,2092 250,2092"/>
                <Baseline points="250,2089 471,2087 525,2087 742,2084"/>
                <Word id="w_w2aab1b1b2b7c19ab1" language="English" custom="readingOrder {index:0;}">
                    <Coords points="250,2054 471,2054 471,2089 250,2089"/>
                    <TextEquiv>
                        <Unicode>manifestaba</Unicode>
                    </TextEquiv>
                    <TextStyle fontFamily="Times New Roman" fontSize="9.0"/>
                </Word>
                <Word id="w_w2aab1b1b2b7c19ac25" language="English" custom="readingOrder {index:1;}">
                    <Coords points="494,2055 525,2055 525,2087 494,2087"/>
                    <TextEquiv>
                        <Unicode>el</Unicode>
                    </TextEquiv>
                    <TextStyle fontFamily="Times New Roman" fontSize="9.0"/>
                </Word>
                <Word id="w_w2aab1b1b2b7c19ac31" language="English" custom="readingOrder {index:2;}">
                    <Coords points="541,2052 742,2052 742,2086 541,2086"/>
                    <TextEquiv>
                        <Unicode>semblante.</Unicode>
                    </TextEquiv>
                    <TextStyle fontFamily="Times New Roman" fontSize="9.0"/>
                </Word>
                <TextEquiv>
                    <Unicode>manifestaba el semblante.</Unicode>
                </TextEquiv>
                <TextStyle fontFamily="Times New Roman" fontSize="9.0"/>
            </TextLine>
            <TextEquiv>
                <Unicode>Estas palabras oyendo
se salió y llamó al criado
diciéndole que al momento
vaya y le quite el infante
de los brazos, qué tormento!
Fué el criado y la señora
persignando al niño bello,
lo besó, no sin gran pena,
aunque festivo y sereno
manifestaba el semblante.</Unicode>
            </TextEquiv>
        </TextRegion>
        <TextRegion type="paragraph" id="r_1_5" custom="readingOrder {index:4;}">
            <Coords points="250,2090 822,2090 822,2453 250,2453"/>
            <TextLine id="tl_43" primaryLanguage="English" custom="readingOrder {index:0;}">
                <Coords points="251,2091 815,2091 815,2146 251,2146"/>
                <Baseline points="251,2133 311,2133 359,2132 487,2131 536,2131 649,2132 689,2137 815,2129"/>
                <Word id="w_w2aab1b1b2b9b1ab1" language="English" custom="readingOrder {index:0;}">
                    <Coords points="251,2099 311,2099 311,2133 251,2133"/>
                    <TextEquiv>
                        <Unicode>Dió</Unicode>
                    </TextEquiv>
                    <TextStyle fontFamily="Times New Roman" fontSize="9.0"/>
                </Word>
                <Word id="w_w2aab1b1b2b9b1ab9" language="English" custom="readingOrder {index:1;}">
                    <Coords points="328,2100 359,2100 359,2133 328,2133"/>
                    <TextEquiv>
                        <Unicode>al</Unicode>
                    </TextEquiv>
                    <TextStyle fontFamily="Times New Roman" fontSize="9.0"/>
                </Word>
                <Word id="w_w2aab1b1b2b9b1ac15" language="English" custom="readingOrder {index:2;}">
                    <Coords points="374,2099 487,2099 487,2132 374,2132"/>
                    <TextEquiv>
                        <Unicode>criado</Unicode>
                    </TextEquiv>
                    <TextStyle fontFamily="Times New Roman" fontSize="9.0"/>
                </Word>
                <Word id="w_w2aab1b1b2b9b1ac29" language="English" custom="readingOrder {index:3;}">
                    <Coords points="504,2098 536,2098 536,2131 504,2131"/>
                    <TextEquiv>
                        <Unicode>el</Unicode>
                    </TextEquiv>
                    <TextStyle fontFamily="Times New Roman" fontSize="9.0"/>
                </Word>
                <Word id="w_w2aab1b1b2b9b1ac35" language="English" custom="readingOrder {index:4;}">
                    <Coords points="557,2097 649,2097 649,2132 557,2132"/>
                    <TextEquiv>
                        <Unicode>niño,</Unicode>
                    </TextEquiv>
                    <TextStyle fontFamily="Times New Roman" fontSize="9.0"/>
                </Word>
                <Word id="w_w2aab1b1b2b9b1ac47" language="English" custom="readingOrder {index:5;}">
                    <Coords points="672,2105 689,2105 689,2137 672,2137"/>
                    <TextEquiv>
                        <Unicode>y</Unicode>
                    </TextEquiv>
                    <TextStyle fontFamily="Times New Roman" fontSize="9.0"/>
                </Word>
                <Word id="w_w2aab1b1b2b9b1ac51" language="English" custom="readingOrder {index:6;}">
                    <Coords points="716,2096 815,2096 815,2138 716,2138"/>
                    <TextEquiv>
                        <Unicode>luego</Unicode>
                    </TextEquiv>
                    <TextStyle fontFamily="Times New Roman" fontSize="9.0"/>
                </Word>
                <TextEquiv>
                    <Unicode>Dió al criado el niño, y luego</Unicode>
                </TextEquiv>
                <TextStyle fontFamily="Times New Roman" fontSize="9.0"/>
            </TextLine>
            <TextLine id="tl_44" primaryLanguage="English" custom="readingOrder {index:1;}">
                <Coords points="253,2139 645,2139 645,2188 253,2188"/>
                <Baseline points="253,2178 306,2176 486,2175 548,2176 645,2179"/>
                <Word id="w_w2aab1b1b2b9b3ab1" language="English" custom="readingOrder {index:0;}">
                    <Coords points="253,2144 306,2144 306,2178 253,2178"/>
                    <TextEquiv>
                        <Unicode>del</Unicode>
                    </TextEquiv>
                    <TextStyle fontFamily="Times New Roman" fontSize="9.0"/>
                </Word>
                <Word id="w_w2aab1b1b2b9b3ab9" language="English" custom="readingOrder {index:1;}">
                    <Coords points="326,2146 486,2146 486,2186 326,2186"/>
                    <TextEquiv>
                        <Unicode>aposento</Unicode>
                    </TextEquiv>
                    <TextStyle fontFamily="Times New Roman" fontSize="9.0"/>
                </Word>
                <Word id="w_w2aab1b1b2b9b3ac27" language="English" custom="readingOrder {index:2;}">
                    <Coords points="513,2151 548,2151 548,2176 513,2176"/>
                    <TextEquiv>
                        <Unicode>se</Unicode>
                    </TextEquiv>
                    <TextStyle fontFamily="Times New Roman" fontSize="9.0"/>
                </Word>
                <Word id="w_w2aab1b1b2b9b3ac33" language="English" custom="readingOrder {index:3;}">
                    <Coords points="565,2140 645,2140 645,2179 565,2179"/>
                    <TextEquiv>
                        <Unicode>sale,</Unicode>
                    </TextEquiv>
                    <TextStyle fontFamily="Times New Roman" fontSize="9.0"/>
                </Word>
                <TextEquiv>
                    <Unicode>del aposento se sale,</Unicode>
                </TextEquiv>
                <TextStyle fontFamily="Times New Roman" fontSize="9.0"/>
            </TextLine>
            <TextLine id="tl_45" primaryLanguage="English" custom="readingOrder {index:2;}">
                <Coords points="252,2182 789,2182 789,2231 252,2231"/>
                <Baseline points="252,2231 271,2231 341,2221 413,2221 551,2219 614,2218 789,2216"/>
                <Word id="w_w2aab1b1b2b9b5ab1" language="English" custom="readingOrder {index:0;}">
                    <Coords points="252,2198 271,2198 271,2231 252,2231"/>
                    <TextEquiv>
                        <Unicode>y</Unicode>
                    </TextEquiv>
                    <TextStyle fontFamily="Times New Roman" fontSize="9.0"/>
                </Word>
                <Word id="w_w2aab1b1b2b9b5ab5" language="English" custom="readingOrder {index:1;}">
                    <Coords points="300,2197 341,2197 341,2221 300,2221"/>
                    <TextEquiv>
                        <Unicode>en</Unicode>
                    </TextEquiv>
                    <TextStyle fontFamily="Times New Roman" fontSize="9.0"/>
                </Word>
                <Word id="w_w2aab1b1b2b9b5ac11" language="English" custom="readingOrder {index:2;}">
                    <Coords points="364,2188 413,2188 413,2221 364,2221"/>
                    <TextEquiv>
                        <Unicode>las</Unicode>
                    </TextEquiv>
                    <TextStyle fontFamily="Times New Roman" fontSize="9.0"/>
                </Word>
                <Word id="w_w2aab1b1b2b9b5ac19" language="English" custom="readingOrder {index:3;}">
                    <Coords points="432,2196 551,2196 551,2220 432,2220"/>
                    <TextEquiv>
                        <Unicode>manos</Unicode>
                    </TextEquiv>
                    <TextStyle fontFamily="Times New Roman" fontSize="9.0"/>
                </Word>
                <Word id="w_w2aab1b1b2b9b5ac31" language="English" custom="readingOrder {index:4;}">
                    <Coords points="572,2187 614,2187 614,2220 572,2220"/>
                    <TextEquiv>
                        <Unicode>de</Unicode>
                    </TextEquiv>
                    <TextStyle fontFamily="Times New Roman" fontSize="9.0"/>
                </Word>
                <Word id="w_w2aab1b1b2b9b5ac37" language="English" custom="readingOrder {index:5;}">
                    <Coords points="631,2184 789,2184 789,2218 631,2218"/>
                    <TextEquiv>
                        <Unicode>Gualtero</Unicode>
                    </TextEquiv>
                    <TextStyle fontFamily="Times New Roman" fontSize="9.0"/>
                </Word>
                <TextEquiv>
                    <Unicode>y en las manos de Gualtero</Unicode>
                </TextEquiv>
                <TextStyle fontFamily="Times New Roman" fontSize="9.0"/>
            </TextLine>
            <TextLine id="tl_46" primaryLanguage="English" custom="readingOrder {index:3;}">
                <Coords points="252,2225 821,2225 821,2277 252,2277"/>
                <Baseline points="252,2266 287,2266 335,2266 508,2268 558,2264 650,2261 699,2261 821,2262"/>
                <Word id="w_w2aab1b1b2b9b7ab1" language="English" custom="readingOrder {index:0;}">
                    <Coords points="252,2242 287,2242 287,2266 252,2266"/>
                    <TextEquiv>
                        <Unicode>se</Unicode>
                    </TextEquiv>
                    <TextStyle fontFamily="Times New Roman" fontSize="9.0"/>
                </Word>
                <Word id="w_w2aab1b1b2b9b7ab7" language="English" custom="readingOrder {index:1;}">
                    <Coords points="303,2233 335,2233 335,2266 303,2266"/>
                    <TextEquiv>
                        <Unicode>lo</Unicode>
                    </TextEquiv>
                    <TextStyle fontFamily="Times New Roman" fontSize="9.0"/>
                </Word>
                <Word id="w_w2aab1b1b2b9b7ac13" language="English" custom="readingOrder {index:2;}">
                    <Coords points="356,2235 508,2235 508,2274 356,2274"/>
                    <TextEquiv>
                        <Unicode>entrega,</Unicode>
                    </TextEquiv>
                    <TextStyle fontFamily="Times New Roman" fontSize="9.0"/>
                </Word>
                <Word id="w_w2aab1b1b2b9b7ac31" language="English" custom="readingOrder {index:3;}">
                    <Coords points="527,2232 558,2232 558,2265 527,2265"/>
                    <TextEquiv>
                        <Unicode>el</Unicode>
                    </TextEquiv>
                    <TextStyle fontFamily="Times New Roman" fontSize="9.0"/>
                </Word>
                <Word id="w_w2aab1b1b2b9b7ac37" language="English" custom="readingOrder {index:4;}">
                    <Coords points="576,2229 650,2229 650,2265 576,2265"/>
                    <TextEquiv>
                        <Unicode>cual</Unicode>
                    </TextEquiv>
                    <TextStyle fontFamily="Times New Roman" fontSize="9.0"/>
                </Word>
                <Word id="w_w2aab1b1b2b9b7ac47" language="English" custom="readingOrder {index:5;}">
                    <Coords points="668,2228 699,2228 699,2261 668,2261"/>
                    <TextEquiv>
                        <Unicode>lo</Unicode>
                    </TextEquiv>
                    <TextStyle fontFamily="Times New Roman" fontSize="9.0"/>
                </Word>
                <Word id="w_w2aab1b1b2b9b7ac53" language="English" custom="readingOrder {index:6;}">
                    <Coords points="725,2227 821,2227 821,2263 725,2263"/>
                    <TextEquiv>
                        <Unicode>envia</Unicode>
                    </TextEquiv>
                    <TextStyle fontFamily="Times New Roman" fontSize="9.0"/>
                </Word>
                <TextEquiv>
                    <Unicode>se lo entrega, el cual lo envia</Unicode>
                </TextEquiv>
                <TextStyle fontFamily="Times New Roman" fontSize="9.0"/>
            </TextLine>
            <TextLine id="tl_47" primaryLanguage="English" custom="readingOrder {index:4;}">
                <Coords points="251,2271 725,2271 725,2314 251,2314"/>
                <Baseline points="251,2311 269,2311 432,2309 515,2310 569,2308 725,2307"/>
                <Word id="w_w2aab1b1b2b9b9ab1" language="English" custom="readingOrder {index:0;}">
                    <Coords points="251,2279 269,2279 269,2311 251,2311"/>
                    <TextEquiv>
                        <Unicode>á</Unicode>
                    </TextEquiv>
                    <TextStyle fontFamily="Times New Roman" fontSize="9.0"/>
                </Word>
                <Word id="w_w2aab1b1b2b9b9ab5" language="English" custom="readingOrder {index:1;}">
                    <Coords points="296,2276 432,2276 432,2310 296,2310"/>
                    <TextEquiv>
                        <Unicode>Bolonia</Unicode>
                    </TextEquiv>
                    <TextStyle fontFamily="Times New Roman" fontSize="9.0"/>
                </Word>
                <Word id="w_w2aab1b1b2b9b9ac21" language="English" custom="readingOrder {index:2;}">
                    <Coords points="453,2285 515,2285 515,2310 453,2310"/>
                    <TextEquiv>
                        <Unicode>con</Unicode>
                    </TextEquiv>
                    <TextStyle fontFamily="Times New Roman" fontSize="9.0"/>
                </Word>
                <Word id="w_w2aab1b1b2b9b9ac29" language="English" custom="readingOrder {index:3;}">
                    <Coords points="538,2276 569,2276 569,2309 538,2309"/>
                    <TextEquiv>
                        <Unicode>el</Unicode>
                    </TextEquiv>
                    <TextStyle fontFamily="Times New Roman" fontSize="9.0"/>
                </Word>
                <Word id="w_w2aab1b1b2b9b9ac35" language="English" custom="readingOrder {index:4;}">
                    <Coords points="596,2282 725,2282 725,2307 596,2307"/>
                    <TextEquiv>
                        <Unicode>mesmo</Unicode>
                    </TextEquiv>
                    <TextStyle fontFamily="Times New Roman" fontSize="9.0"/>
                </Word>
                <TextEquiv>
                    <Unicode>á Bolonia con el mesmo</Unicode>
                </TextEquiv>
                <TextStyle fontFamily="Times New Roman" fontSize="9.0"/>
            </TextLine>
            <TextLine id="tl_48" primaryLanguage="English" custom="readingOrder {index:5;}">
                <Coords points="252,2317 683,2317 683,2366 252,2366"/>
                <Baseline points="252,2355 410,2359 504,2354 557,2354 683,2352"/>
                <Word id="w_w2aab1b1b2b9c11ab1" language="English" custom="readingOrder {index:0;}">
                    <Coords points="252,2330 410,2330 410,2363 252,2363"/>
                    <TextEquiv>
                        <Unicode>encargo,</Unicode>
                    </TextEquiv>
                    <TextStyle fontFamily="Times New Roman" fontSize="9.0"/>
                </Word>
                <Word id="w_w2aab1b1b2b9c11ac19" language="English" custom="readingOrder {index:1;}">
                    <Coords points="439,2329 504,2329 504,2363 439,2363"/>
                    <TextEquiv>
                        <Unicode>que</Unicode>
                    </TextEquiv>
                    <TextStyle fontFamily="Times New Roman" fontSize="9.0"/>
                </Word>
                <Word id="w_w2aab1b1b2b9c11ac27" language="English" custom="readingOrder {index:2;}">
                    <Coords points="525,2321 557,2321 557,2354 525,2354"/>
                    <TextEquiv>
                        <Unicode>le</Unicode>
                    </TextEquiv>
                    <TextStyle fontFamily="Times New Roman" fontSize="9.0"/>
                </Word>
                <Word id="w_w2aab1b1b2b9c11ac33" language="English" custom="readingOrder {index:3;}">
                    <Coords points="574,2318 683,2318 683,2353 574,2353"/>
                    <TextEquiv>
                        <Unicode>criase</Unicode>
                    </TextEquiv>
                    <TextStyle fontFamily="Times New Roman" fontSize="9.0"/>
                </Word>
                <TextEquiv>
                    <Unicode>encargo, que le criase</Unicode>
                </TextEquiv>
                <TextStyle fontFamily="Times New Roman" fontSize="9.0"/>
            </TextLine>
            <TextLine id="tl_49" primaryLanguage="English" custom="readingOrder {index:6;}">
                <Coords points="252,2361 677,2361 677,2404 252,2404"/>
                <Baseline points="252,2399 291,2399 440,2399 519,2398 677,2395"/>
                <Word id="w_w2aab1b1b2b9c13ab1" language="English" custom="readingOrder {index:0;}">
                    <Coords points="252,2376 291,2376 291,2399 252,2399"/>
                    <TextEquiv>
                        <Unicode>su</Unicode>
                    </TextEquiv>
                    <TextStyle fontFamily="Times New Roman" fontSize="9.0"/>
                </Word>
                <Word id="w_w2aab1b1b2b9c13ab7" language="English" custom="readingOrder {index:1;}">
                    <Coords points="309,2365 440,2365 440,2400 309,2400"/>
                    <TextEquiv>
                        <Unicode>cuñado</Unicode>
                    </TextEquiv>
                    <TextStyle fontFamily="Times New Roman" fontSize="9.0"/>
                </Word>
                <Word id="w_w2aab1b1b2b9c13ac21" language="English" custom="readingOrder {index:2;}">
                    <Coords points="456,2373 519,2373 519,2398 456,2398"/>
                    <TextEquiv>
                        <Unicode>con</Unicode>
                    </TextEquiv>
                    <TextStyle fontFamily="Times New Roman" fontSize="9.0"/>
                </Word>
                <Word id="w_w2aab1b1b2b9c13ac29" language="English" custom="readingOrder {index:3;}">
                    <Coords points="533,2366 677,2366 677,2399 533,2399"/>
                    <TextEquiv>
                        <Unicode>secreto.</Unicode>
                    </TextEquiv>
                    <TextStyle fontFamily="Times New Roman" fontSize="9.0"/>
                </Word>
                <TextEquiv>
                    <Unicode>su cuñado con secreto.</Unicode>
                </TextEquiv>
                <TextStyle fontFamily="Times New Roman" fontSize="9.0"/>
            </TextLine>
            <TextLine id="tl_50" primaryLanguage="English" custom="readingOrder {index:7;}">
                <Coords points="252,2405 701,2405 701,2452 252,2452"/>
                <Baseline points="252,2444 435,2445 593,2443 701,2445"/>
                <Word id="w_w2aab1b1b2b9c15ab1" language="English" custom="readingOrder {index:0;}">
                    <Coords points="252,2411 435,2411 435,2446 252,2446"/>
                    <TextEquiv>
                        <Unicode>Pasáronse</Unicode>
                    </TextEquiv>
                    <TextStyle fontFamily="Times New Roman" fontSize="9.0"/>
                </Word>
                <Word id="w_w2aab1b1b2b9c15ac21" language="English" custom="readingOrder {index:1;}">
                    <Coords points="453,2409 593,2409 593,2445 453,2445"/>
                    <TextEquiv>
                        <Unicode>muchos</Unicode>
                    </TextEquiv>
                    <TextStyle fontFamily="Times New Roman" fontSize="9.0"/>
                </Word>
                <Word id="w_w2aab1b1b2b9c15ac35" language="English" custom="readingOrder {index:2;}">
                    <Coords points="618,2407 701,2407 701,2445 618,2445"/>
                    <TextEquiv>
                        <Unicode>dias,</Unicode>
                    </TextEquiv>
                    <TextStyle fontFamily="Times New Roman" fontSize="9.0"/>
                </Word>
                <TextEquiv>
                    <Unicode>Pasàronse muchos dias,</Unicode>
                </TextEquiv>
                <TextStyle fontFamily="Times New Roman" fontSize="9.0"/>
            </TextLine>
            <TextEquiv>
                <Unicode>Dió al criado el niño, y luego&#13;
del aposento se sale,&#13;
y en las manos de Gualtero&#13;
se lo entrega, el cual lo envia&#13;
á Bolonia con el mesmo&#13;
encargo, que le criase&#13;
su cuñado con secreto.&#13;
Pasàronse muchos dias,</Unicode>
            </TextEquiv>
        </TextRegion>
        <TextRegion type="paragraph" id="r_2_1" custom="readingOrder {index:5;}">
            <Coords points="1414,182 1434,182 1434,216 1414,216"/>
            <TextLine id="tl_51" primaryLanguage="English" custom="readingOrder {index:0;}">
                <Coords points="1415,183 1433,183 1433,215 1415,215"/>
                <Baseline points="1415,215 1433,215"/>
                <Word id="w_w2aab1b3b2b1b1ab1" language="English" custom="readingOrder {index:0;}">
                    <Coords points="1415,183 1433,183 1433,215 1415,215"/>
                    <TextEquiv>
                        <Unicode>5</Unicode>
                    </TextEquiv>
                    <TextStyle fontFamily="Times New Roman" fontSize="9.0" bold="true"/>
                </Word>
                <TextEquiv>
                    <Unicode>5</Unicode>
                </TextEquiv>
                <TextStyle fontFamily="Times New Roman" fontSize="9.0" bold="true"/>
            </TextLine>
            <TextEquiv>
                <Unicode>5</Unicode>
            </TextEquiv>
        </TextRegion>
        <TextRegion type="paragraph" id="r_2_2" custom="readingOrder {index:6;}">
            <Coords points="937,225 1516,225 1516,984 937,984"/>
            <TextLine id="tl_52" primaryLanguage="English" custom="readingOrder {index:0;}">
                <Coords points="939,226 1454,226 1454,279 939,279"/>
                <Baseline points="939,279 1004,270 1078,269 1156,265 1231,264 1331,262 1454,259"/>
                <Word id="w_w2aab1b3b4b1b1ab1" language="English" custom="readingOrder {index:0;}">
                    <Coords points="939,244 1004,244 1004,279 939,279"/>
                    <TextEquiv>
                        <Unicode>que</Unicode>
                    </TextEquiv>
                    <TextStyle fontFamily="Times New Roman" fontSize="9.0"/>
                </Word>
                <Word id="w_w2aab1b3b4b1b1ab9" language="English" custom="readingOrder {index:1;}">
                    <Coords points="1028,235 1078,235 1078,269 1028,269"/>
                    <TextEquiv>
                        <Unicode>sin</Unicode>
                    </TextEquiv>
                    <TextStyle fontFamily="Times New Roman" fontSize="9.0"/>
                </Word>
                <Word id="w_w2aab1b3b4b1b1ac17" language="English" custom="readingOrder {index:2;}">
                    <Coords points="1100,241 1156,241 1156,266 1100,266"/>
                    <TextEquiv>
                        <Unicode>sus</Unicode>
                    </TextEquiv>
                    <TextStyle fontFamily="Times New Roman" fontSize="9.0"/>
                </Word>
                <Word id="w_w2aab1b3b4b1b1ac25" language="English" custom="readingOrder {index:3;}">
                    <Coords points="1173,232 1231,232 1231,265 1173,265"/>
                    <TextEquiv>
                        <Unicode>dos</Unicode>
                    </TextEquiv>
                    <TextStyle fontFamily="Times New Roman" fontSize="9.0"/>
                </Word>
                <Word id="w_w2aab1b3b4b1b1ac33" language="English" custom="readingOrder {index:4;}">
                    <Coords points="1248,229 1331,229 1331,272 1248,272"/>
                    <TextEquiv>
                        <Unicode>hijos</Unicode>
                    </TextEquiv>
                    <TextStyle fontFamily="Times New Roman" fontSize="9.0"/>
                </Word>
                <Word id="w_w2aab1b3b4b1b1ac45" language="English" custom="readingOrder {index:5;}">
                    <Coords points="1346,227 1454,227 1454,262 1346,262"/>
                    <TextEquiv>
                        <Unicode>bellos</Unicode>
                    </TextEquiv>
                    <TextStyle fontFamily="Times New Roman" fontSize="9.0"/>
                </Word>
                <TextEquiv>
                    <Unicode>que sin sus dos hijos bellos</Unicode>
                </TextEquiv>
                <TextStyle fontFamily="Times New Roman" fontSize="9.0"/>
            </TextLine>
            <TextLine id="tl_53" primaryLanguage="English" custom="readingOrder {index:1;}">
                <Coords points="938,272 1408,272 1408,314 938,314"/>
                <Baseline points="938,314 972,314 1096,312 1259,308 1408,304"/>
                <Word id="w_w2aab1b3b4b1b3ab1" language="English" custom="readingOrder {index:0;}">
                    <Coords points="938,281 972,281 972,314 938,314"/>
                    <TextEquiv>
                        <Unicode>la</Unicode>
                    </TextEquiv>
                    <TextStyle fontFamily="Times New Roman" fontSize="9.0"/>
                </Word>
                <Word id="w_w2aab1b3b4b1b3ab7" language="English" custom="readingOrder {index:1;}">
                    <Coords points="996,278 1096,278 1096,313 996,313"/>
                    <TextEquiv>
                        <Unicode>triste</Unicode>
                    </TextEquiv>
                    <TextStyle fontFamily="Times New Roman" fontSize="9.0"/>
                </Word>
                <Word id="w_w2aab1b3b4b1b3ac21" language="English" custom="readingOrder {index:2;}">
                    <Coords points="1121,275 1259,275 1259,311 1121,311"/>
                    <TextEquiv>
                        <Unicode>Griseda</Unicode>
                    </TextEquiv>
                    <TextStyle fontFamily="Times New Roman" fontSize="9.0"/>
                </Word>
                <Word id="w_w2aab1b3b4b1b3ac37" language="English" custom="readingOrder {index:3;}">
                    <Coords points="1280,272 1408,272 1408,308 1280,308"/>
                    <TextEquiv>
                        <Unicode>estaba:</Unicode>
                    </TextEquiv>
                    <TextStyle fontFamily="Times New Roman" fontSize="9.0"/>
                </Word>
                <TextEquiv>
                    <Unicode>la triste Griseda estaba:</Unicode>
                </TextEquiv>
                <TextStyle fontFamily="Times New Roman" fontSize="9.0"/>
            </TextLine>
            <TextLine id="tl_54" primaryLanguage="English" custom="readingOrder {index:2;}">
                <Coords points="942,316 1413,316 1413,367 942,367"/>
                <Baseline points="942,367 1023,357 1172,354 1413,350"/>
                <Word id="w_w2aab1b3b4b1b5ab1" language="English" custom="readingOrder {index:0;}">
                    <Coords points="942,333 1023,333 1023,367 942,367"/>
                    <TextEquiv>
                        <Unicode>pero</Unicode>
                    </TextEquiv>
                    <TextStyle fontFamily="Times New Roman" fontSize="9.0"/>
                </Word>
                <Word id="w_w2aab1b3b4b1b5ac11" language="English" custom="readingOrder {index:1;}">
                    <Coords points="1043,322 1172,322 1172,363 1043,363"/>
                    <TextEquiv>
                        <Unicode>ningún</Unicode>
                    </TextEquiv>
                    <TextStyle fontFamily="Times New Roman" fontSize="9.0"/>
                </Word>
                <Word id="w_w2aab1b3b4b1b5ac25" language="English" custom="readingOrder {index:2;}">
                    <Coords points="1195,318 1413,318 1413,354 1195,354"/>
                    <TextEquiv>
                        <Unicode>sentimiento</Unicode>
                    </TextEquiv>
                    <TextStyle fontFamily="Times New Roman" fontSize="9.0"/>
                </Word>
                <TextEquiv>
                    <Unicode>pero ningun sentimiento</Unicode>
                </TextEquiv>
                <TextStyle fontFamily="Times New Roman" fontSize="9.0"/>
            </TextLine>
            <TextLine id="tl_55" primaryLanguage="English" custom="readingOrder {index:3;}">
                <Coords points="944,362 1368,362 1368,404 944,404"/>
                <Baseline points="944,403 988,402 1041,401 1175,399 1368,398"/>
                <Word id="w_w2aab1b3b4b1b7ab1" language="English" custom="readingOrder {index:0;}">
                    <Coords points="944,378 988,378 988,403 944,403"/>
                    <TextEquiv>
                        <Unicode>en</Unicode>
                    </TextEquiv>
                    <TextStyle fontFamily="Times New Roman" fontSize="9.0"/>
                </Word>
                <Word id="w_w2aab1b3b4b1b7ab7" language="English" custom="readingOrder {index:1;}">
                    <Coords points="1001,377 1041,377 1041,401 1001,401"/>
                    <TextEquiv>
                        <Unicode>su</Unicode>
                    </TextEquiv>
                    <TextStyle fontFamily="Times New Roman" fontSize="9.0"/>
                </Word>
                <Word id="w_w2aab1b3b4b1b7ac13" language="English" custom="readingOrder {index:2;}">
                    <Coords points="1066,370 1175,370 1175,401 1066,401"/>
                    <TextEquiv>
                        <Unicode>rostro</Unicode>
                    </TextEquiv>
                    <TextStyle fontFamily="Times New Roman" fontSize="9.0"/>
                </Word>
                <Word id="w_w2aab1b3b4b1b7ac27" language="English" custom="readingOrder {index:3;}">
                    <Coords points="1191,363 1368,363 1368,399 1191,399"/>
                    <TextEquiv>
                        <Unicode>conocían,</Unicode>
                    </TextEquiv>
                    <TextStyle fontFamily="Times New Roman" fontSize="9.0"/>
                </Word>
                <TextEquiv>
                    <Unicode>en su rostro conocian,</Unicode>
                </TextEquiv>
                <TextStyle fontFamily="Times New Roman" fontSize="9.0"/>
            </TextLine>
            <TextLine id="tl_56" primaryLanguage="English" custom="readingOrder {index:4;}">
                <Coords points="945,403 1515,403 1515,455 945,455"/>
                <Baseline points="945,455 964,455 1119,444 1258,441 1343,440 1515,435"/>
                <Word id="w_w2aab1b3b4b1b9ab1" language="English" custom="readingOrder {index:0;}">
                    <Coords points="945,422 964,422 964,455 945,455"/>
                    <TextEquiv>
                        <Unicode>y</Unicode>
                    </TextEquiv>
                    <TextStyle fontFamily="Times New Roman" fontSize="9.0"/>
                </Word>
                <Word id="w_w2aab1b3b4b1b9ab5" language="English" custom="readingOrder {index:1;}">
                    <Coords points="983,420 1119,420 1119,454 983,454"/>
                    <TextEquiv>
                        <Unicode>aunque</Unicode>
                    </TextEquiv>
                    <TextStyle fontFamily="Times New Roman" fontSize="9.0"/>
                </Word>
                <Word id="w_w2aab1b3b4b1b9ac19" language="English" custom="readingOrder {index:2;}">
                    <Coords points="1133,410 1258,410 1258,452 1133,452"/>
                    <TextEquiv>
                        <Unicode>alguna</Unicode>
                    </TextEquiv>
                    <TextStyle fontFamily="Times New Roman" fontSize="9.0"/>
                </Word>
                <Word id="w_w2aab1b3b4b1b9ac33" language="English" custom="readingOrder {index:3;}">
                    <Coords points="1283,416 1343,416 1343,441 1283,441"/>
                    <TextEquiv>
                        <Unicode>vez</Unicode>
                    </TextEquiv>
                    <TextStyle fontFamily="Times New Roman" fontSize="9.0"/>
                </Word>
                <Word id="w_w2aab1b3b4b1b9ac41" language="English" custom="readingOrder {index:4;}">
                    <Coords points="1355,404 1515,404 1515,440 1355,440"/>
                    <TextEquiv>
                        <Unicode>Gualtero</Unicode>
                    </TextEquiv>
                    <TextStyle fontFamily="Times New Roman" fontSize="9.0"/>
                </Word>
                <TextEquiv>
                    <Unicode>y aunque alguna vez Gualtero</Unicode>
                </TextEquiv>
                <TextStyle fontFamily="Times New Roman" fontSize="9.0"/>
            </TextLine>
            <TextLine id="tl_57" primaryLanguage="English" custom="readingOrder {index:5;}">
                <Coords points="943,450 1417,450 1417,499 943,499"/>
                <Baseline points="943,489 979,490 1051,489 1259,486 1339,485 1417,484"/>
                <Word id="w_w2aab1b3b4b1c11ab1" language="English" custom="readingOrder {index:0;}">
                    <Coords points="943,466 979,466 979,490 943,490"/>
                    <TextEquiv>
                        <Unicode>se</Unicode>
                    </TextEquiv>
                    <TextStyle fontFamily="Times New Roman" fontSize="9.0"/>
                </Word>
                <Word id="w_w2aab1b3b4b1c11ab7" language="English" custom="readingOrder {index:1;}">
                    <Coords points="1001,456 1051,456 1051,489 1001,489"/>
                    <TextEquiv>
                        <Unicode>los</Unicode>
                    </TextEquiv>
                    <TextStyle fontFamily="Times New Roman" fontSize="9.0"/>
                </Word>
                <Word id="w_w2aab1b3b4b1c11ac15" language="English" custom="readingOrder {index:2;}">
                    <Coords points="1076,453 1259,453 1259,488 1076,488"/>
                    <TextEquiv>
                        <Unicode>nombraba</Unicode>
                    </TextEquiv>
                    <TextStyle fontFamily="Times New Roman" fontSize="9.0"/>
                </Word>
                <Word id="w_w2aab1b3b4b1c11ac33" language="English" custom="readingOrder {index:3;}">
                    <Coords points="1279,461 1339,461 1339,494 1279,494"/>
                    <TextEquiv>
                        <Unicode>por</Unicode>
                    </TextEquiv>
                    <TextStyle fontFamily="Times New Roman" fontSize="9.0"/>
                </Word>
                <Word id="w_w2aab1b3b4b1c11ac41" language="English" custom="readingOrder {index:4;}">
                    <Coords points="1357,459 1417,459 1417,484 1357,484"/>
                    <TextEquiv>
                        <Unicode>ver</Unicode>
                    </TextEquiv>
                    <TextStyle fontFamily="Times New Roman" fontSize="9.0"/>
                </Word>
                <TextEquiv>
                    <Unicode>se los nombraba por ver</Unicode>
                </TextEquiv>
                <TextStyle fontFamily="Times New Roman" fontSize="9.0"/>
            </TextLine>
            <TextLine id="tl_58" primaryLanguage="English" custom="readingOrder {index:6;}">
                <Coords points="944,494 1461,494 1461,543 944,543"/>
                <Baseline points="945,533 973,533 1055,532 1180,531 1308,528 1461,527"/>
                <Word id="w_w2aab1b3b4b1c13ab1" language="English" custom="readingOrder {index:0;}">
                    <Coords points="945,501 973,501 973,533 945,533"/>
                    <TextEquiv>
                        <Unicode>si</Unicode>
                    </TextEquiv>
                    <TextStyle fontFamily="Times New Roman" fontSize="9.0"/>
                </Word>
                <Word id="w_w2aab1b3b4b1c13ab7" language="English" custom="readingOrder {index:1;}">
                    <Coords points="991,500 1055,500 1055,534 991,534"/>
                    <TextEquiv>
                        <Unicode>ella</Unicode>
                    </TextEquiv>
                    <TextStyle fontFamily="Times New Roman" fontSize="9.0"/>
                </Word>
                <Word id="w_w2aab1b3b4b1c13ac17" language="English" custom="readingOrder {index:2;}">
                    <Coords points="1085,498 1180,498 1180,532 1085,532"/>
                    <TextEquiv>
                        <Unicode>haria</Unicode>
                    </TextEquiv>
                    <TextStyle fontFamily="Times New Roman" fontSize="9.0"/>
                </Word>
                <Word id="w_w2aab1b3b4b1c13ac29" language="English" custom="readingOrder {index:3;}">
                    <Coords points="1207,497 1308,497 1308,539 1207,539"/>
                    <TextEquiv>
                        <Unicode>algún</Unicode>
                    </TextEquiv>
                    <TextStyle fontFamily="Times New Roman" fontSize="9.0"/>
                </Word>
                <Word id="w_w2aab1b3b4b1c13ac41" language="English" custom="readingOrder {index:4;}">
                    <Coords points="1326,498 1461,498 1461,529 1326,529"/>
                    <TextEquiv>
                        <Unicode>estreno</Unicode>
                    </TextEquiv>
                    <TextStyle fontFamily="Times New Roman" fontSize="9.0"/>
                </Word>
                <TextEquiv>
                    <Unicode>si ella haria algun estreno</Unicode>
                </TextEquiv>
                <TextStyle fontFamily="Times New Roman" fontSize="9.0"/>
            </TextLine>
            <TextLine id="tl_59" primaryLanguage="English" custom="readingOrder {index:7;}">
                <Coords points="946,537 1419,537 1419,586 946,586"/>
                <Baseline points="946,578 967,578 1237,573 1295,573 1419,575"/>
                <Word id="w_w2aab1b3b4b1c15ab1" language="English" custom="readingOrder {index:0;}">
                    <Coords points="946,544 967,544 967,578 946,578"/>
                    <TextEquiv>
                        <Unicode>ó</Unicode>
                    </TextEquiv>
                    <TextStyle fontFamily="Times New Roman" fontSize="9.0"/>
                </Word>
                <Word id="w_w2aab1b3b4b1c15ab5" language="English" custom="readingOrder {index:1;}">
                    <Coords points="986,541 1237,541 1237,578 986,578"/>
                    <TextEquiv>
                        <Unicode>demostración</Unicode>
                    </TextEquiv>
                    <TextStyle fontFamily="Times New Roman" fontSize="9.0"/>
                </Word>
                <Word id="w_w2aab1b3b4b1c15ac31" language="English" custom="readingOrder {index:2;}">
                    <Coords points="1253,541 1295,541 1295,574 1253,574"/>
                    <TextEquiv>
                        <Unicode>de</Unicode>
                    </TextEquiv>
                    <TextStyle fontFamily="Times New Roman" fontSize="9.0"/>
                </Word>
                <Word id="w_w2aab1b3b4b1c15ac37" language="English" custom="readingOrder {index:3;}">
                    <Coords points="1320,548 1419,548 1419,581 1320,581"/>
                    <TextEquiv>
                        <Unicode>pena,</Unicode>
                    </TextEquiv>
                    <TextStyle fontFamily="Times New Roman" fontSize="9.0"/>
                </Word>
                <TextEquiv>
                    <Unicode>ó demostracion de pena,</Unicode>
                </TextEquiv>
                <TextStyle fontFamily="Times New Roman" fontSize="9.0"/>
            </TextLine>
            <TextLine id="tl_60" primaryLanguage="English" custom="readingOrder {index:8;}">
                <Coords points="946,581 1461,581 1461,631 946,631"/>
                <Baseline points="946,630 1053,621 1243,618 1301,617 1461,614"/>
                <Word id="w_w2aab1b3b4b1c17ab1" language="English" custom="readingOrder {index:0;}">
                    <Coords points="946,590 1053,590 1053,630 946,630"/>
                    <TextEquiv>
                        <Unicode>jamas</Unicode>
                    </TextEquiv>
                    <TextStyle fontFamily="Times New Roman" fontSize="9.0"/>
                </Word>
                <Word id="w_w2aab1b3b4b1c17ac13" language="English" custom="readingOrder {index:1;}">
                    <Coords points="1069,584 1243,584 1243,628 1069,628"/>
                    <TextEquiv>
                        <Unicode>consiguió</Unicode>
                    </TextEquiv>
                    <TextStyle fontFamily="Times New Roman" fontSize="9.0"/>
                </Word>
                <Word id="w_w2aab1b3b4b1c17ac33" language="English" custom="readingOrder {index:2;}">
                    <Coords points="1263,592 1301,592 1301,618 1263,618"/>
                    <TextEquiv>
                        <Unicode>su</Unicode>
                    </TextEquiv>
                    <TextStyle fontFamily="Times New Roman" fontSize="9.0"/>
                </Word>
                <Word id="w_w2aab1b3b4b1c17ac39" language="English" custom="readingOrder {index:3;}">
                    <Coords points="1316,583 1461,583 1461,616 1316,616"/>
                    <TextEquiv>
                        <Unicode>intento.</Unicode>
                    </TextEquiv>
                    <TextStyle fontFamily="Times New Roman" fontSize="9.0"/>
                </Word>
                <TextEquiv>
                    <Unicode>jamas consiguió su intento.</Unicode>
                </TextEquiv>
                <TextStyle fontFamily="Times New Roman" fontSize="9.0"/>
            </TextLine>
            <TextLine id="tl_61" primaryLanguage="English" custom="readingOrder {index:9;}">
                <Coords points="946,626 1443,626 1443,675 946,675"/>
                <Baseline points="946,665 1060,666 1231,666 1308,661 1443,659"/>
                <Word id="w_w2aab1b3b4b1c19ab1" language="English" custom="readingOrder {index:0;}">
                    <Coords points="946,633 1060,633 1060,674 946,674"/>
                    <TextEquiv>
                        <Unicode>Luego</Unicode>
                    </TextEquiv>
                    <TextStyle fontFamily="Times New Roman" fontSize="9.0"/>
                </Word>
                <Word id="w_w2aab1b3b4b1c19ac13" language="English" custom="readingOrder {index:1;}">
                    <Coords points="1076,631 1231,631 1231,672 1076,672"/>
                    <TextEquiv>
                        <Unicode>después,</Unicode>
                    </TextEquiv>
                    <TextStyle fontFamily="Times New Roman" fontSize="9.0"/>
                </Word>
                <Word id="w_w2aab1b3b4b1c19ac31" language="English" custom="readingOrder {index:2;}">
                    <Coords points="1263,637 1308,637 1308,662 1263,662"/>
                    <TextEquiv>
                        <Unicode>un</Unicode>
                    </TextEquiv>
                    <TextStyle fontFamily="Times New Roman" fontSize="9.0"/>
                </Word>
                <Word id="w_w2aab1b3b4b1c19ac37" language="English" custom="readingOrder {index:3;}">
                    <Coords points="1324,635 1443,635 1443,661 1324,661"/>
                    <TextEquiv>
                        <Unicode>rumor</Unicode>
                    </TextEquiv>
                    <TextStyle fontFamily="Times New Roman" fontSize="9.0"/>
                </Word>
                <TextEquiv>
                    <Unicode>Luego despues, un rumor</Unicode>
                </TextEquiv>
                <TextStyle fontFamily="Times New Roman" fontSize="9.0"/>
            </TextLine>
            <TextLine id="tl_62" primaryLanguage="English" custom="readingOrder {index:10;}">
                <Coords points="949,671 1407,671 1407,720 949,720"/>
                <Baseline points="949,709 986,710 1148,708 1226,706 1284,704 1407,710"/>
                <Word id="w_w2aab1b3b4b1c21ab1" language="English" custom="readingOrder {index:0;}">
                    <Coords points="949,686 986,686 986,710 949,710"/>
                    <TextEquiv>
                        <Unicode>se</Unicode>
                    </TextEquiv>
                    <TextStyle fontFamily="Times New Roman" fontSize="9.0"/>
                </Word>
                <Word id="w_w2aab1b3b4b1c21ab7" language="English" custom="readingOrder {index:1;}">
                    <Coords points="1003,675 1148,675 1148,710 1003,710"/>
                    <TextEquiv>
                        <Unicode>suscrito</Unicode>
                    </TextEquiv>
                    <TextStyle fontFamily="Times New Roman" fontSize="9.0"/>
                </Word>
                <Word id="w_w2aab1b3b4b1c21ac25" language="English" custom="readingOrder {index:2;}">
                    <Coords points="1166,683 1226,683 1226,717 1166,717"/>
                    <TextEquiv>
                        <Unicode>por</Unicode>
                    </TextEquiv>
                    <TextStyle fontFamily="Times New Roman" fontSize="9.0"/>
                </Word>
                <Word id="w_w2aab1b3b4b1c21ac33" language="English" custom="readingOrder {index:3;}">
                    <Coords points="1254,673 1284,673 1284,707 1254,707"/>
                    <TextEquiv>
                        <Unicode>el</Unicode>
                    </TextEquiv>
                    <TextStyle fontFamily="Times New Roman" fontSize="9.0"/>
                </Word>
                <Word id="w_w2aab1b3b4b1c21ac39" language="English" custom="readingOrder {index:4;}">
                    <Coords points="1299,671 1407,671 1407,710 1299,710"/>
                    <TextEquiv>
                        <Unicode>reino,</Unicode>
                    </TextEquiv>
                    <TextStyle fontFamily="Times New Roman" fontSize="9.0"/>
                </Word>
                <TextEquiv>
                    <Unicode>se suscritó por el reino,</Unicode>
                </TextEquiv>
                <TextStyle fontFamily="Times New Roman" fontSize="9.0"/>
            </TextLine>
            <TextLine id="tl_63" primaryLanguage="English" custom="readingOrder {index:11;}">
                <Coords points="950,711 1481,711 1481,763 950,763"/>
                <Baseline points="950,763 1034,753 1170,751 1248,751 1296,749 1481,751"/>
                <Word id="w_w2aab1b3b4b1c23ab1" language="English" custom="readingOrder {index:0;}">
                    <Coords points="950,730 1034,730 1034,763 950,763"/>
                    <TextEquiv>
                        <Unicode>pues</Unicode>
                    </TextEquiv>
                    <TextStyle fontFamily="Times New Roman" fontSize="9.0"/>
                </Word>
                <Word id="w_w2aab1b3b4b1c23ac11" language="English" custom="readingOrder {index:1;}">
                    <Coords points="1051,719 1170,719 1170,753 1051,753"/>
                    <TextEquiv>
                        <Unicode>decían</Unicode>
                    </TextEquiv>
                    <TextStyle fontFamily="Times New Roman" fontSize="9.0"/>
                </Word>
                <Word id="w_w2aab1b3b4b1c23ac25" language="English" custom="readingOrder {index:2;}">
                    <Coords points="1183,727 1248,727 1248,760 1183,760"/>
                    <TextEquiv>
                        <Unicode>que</Unicode>
                    </TextEquiv>
                    <TextStyle fontFamily="Times New Roman" fontSize="9.0"/>
                </Word>
                <Word id="w_w2aab1b3b4b1c23ac33" language="English" custom="readingOrder {index:3;}">
                    <Coords points="1265,716 1296,716 1296,750 1265,750"/>
                    <TextEquiv>
                        <Unicode>el</Unicode>
                    </TextEquiv>
                    <TextStyle fontFamily="Times New Roman" fontSize="9.0"/>
                </Word>
                <Word id="w_w2aab1b3b4b1c23ac39" language="English" custom="readingOrder {index:4;}">
                    <Coords points="1312,712 1481,712 1481,757 1312,757"/>
                    <TextEquiv>
                        <Unicode>marqués,</Unicode>
                    </TextEquiv>
                    <TextStyle fontFamily="Times New Roman" fontSize="9.0"/>
                </Word>
                <TextEquiv>
                    <Unicode>pues decian que el marqués,</Unicode>
                </TextEquiv>
                <TextStyle fontFamily="Times New Roman" fontSize="9.0"/>
            </TextLine>
            <TextLine id="tl_64" primaryLanguage="English" custom="readingOrder {index:12;}">
                <Coords points="952,757 1489,757 1489,808 952,808"/>
                <Baseline points="952,807 1020,798 1155,795 1255,804 1489,790"/>
                <Word id="w_w2aab1b3b4b1c25ab1" language="English" custom="readingOrder {index:0;}">
                    <Coords points="952,773 1020,773 1020,807 952,807"/>
                    <TextEquiv>
                        <Unicode>que</Unicode>
                    </TextEquiv>
                    <TextStyle fontFamily="Times New Roman" fontSize="9.0"/>
                </Word>
                <Word id="w_w2aab1b3b4b1c25ab9" language="English" custom="readingOrder {index:1;}">
                    <Coords points="1041,764 1155,764 1155,798 1041,798"/>
                    <TextEquiv>
                        <Unicode>estaba</Unicode>
                    </TextEquiv>
                    <TextStyle fontFamily="Times New Roman" fontSize="9.0"/>
                </Word>
                <Word id="w_w2aab1b3b4b1c25ac23" language="English" custom="readingOrder {index:2;}">
                    <Coords points="1176,770 1255,770 1255,804 1176,804"/>
                    <TextEquiv>
                        <Unicode>muy</Unicode>
                    </TextEquiv>
                    <TextStyle fontFamily="Times New Roman" fontSize="9.0"/>
                </Word>
                <Word id="w_w2aab1b3b4b1c25ac31" language="English" custom="readingOrder {index:3;}">
                    <Coords points="1267,760 1489,760 1489,794 1267,794"/>
                    <TextEquiv>
                        <Unicode>descontento</Unicode>
                    </TextEquiv>
                    <TextStyle fontFamily="Times New Roman" fontSize="9.0"/>
                </Word>
                <TextEquiv>
                    <Unicode>que estaba muy descontento</Unicode>
                </TextEquiv>
                <TextStyle fontFamily="Times New Roman" fontSize="9.0"/>
            </TextLine>
            <TextLine id="tl_65" primaryLanguage="English" custom="readingOrder {index:13;}">
                <Coords points="950,803 1357,803 1357,852 950,852"/>
                <Baseline points="950,842 992,843 1050,842 1221,839 1356,837"/>
                <Word id="w_w2aab1b3b4b1c27ab1" language="English" custom="readingOrder {index:0;}">
                    <Coords points="950,809 992,809 992,843 950,843"/>
                    <TextEquiv>
                        <Unicode>de</Unicode>
                    </TextEquiv>
                    <TextStyle fontFamily="Times New Roman" fontSize="9.0"/>
                </Word>
                <Word id="w_w2aab1b3b4b1c27ab7" language="English" custom="readingOrder {index:1;}">
                    <Coords points="1011,818 1050,818 1050,842 1011,842"/>
                    <TextEquiv>
                        <Unicode>su</Unicode>
                    </TextEquiv>
                    <TextStyle fontFamily="Times New Roman" fontSize="9.0"/>
                </Word>
                <Word id="w_w2aab1b3b4b1c27ac13" language="English" custom="readingOrder {index:2;}">
                    <Coords points="1071,807 1221,807 1221,849 1071,849"/>
                    <TextEquiv>
                        <Unicode>desigual</Unicode>
                    </TextEquiv>
                    <TextStyle fontFamily="Times New Roman" fontSize="9.0"/>
                </Word>
                <Word id="w_w2aab1b3b4b1c27ac31" language="English" custom="readingOrder {index:3;}">
                    <Coords points="1241,805 1356,805 1356,839 1241,839"/>
                    <TextEquiv>
                        <Unicode>estado</Unicode>
                    </TextEquiv>
                    <TextStyle fontFamily="Times New Roman" fontSize="9.0"/>
                </Word>
                <TextEquiv>
                    <Unicode>de su desigual estado</Unicode>
                </TextEquiv>
                <TextStyle fontFamily="Times New Roman" fontSize="9.0"/>
            </TextLine>
            <TextLine id="tl_66" primaryLanguage="English" custom="readingOrder {index:14;}">
                <Coords points="954,846 1444,846 1444,896 954,896"/>
                <Baseline points="954,886 995,886 1236,883 1276,892 1357,880 1444,880"/>
                <Word id="w_w2aab1b3b4b1c29ab1" language="English" custom="readingOrder {index:0;}">
                    <Coords points="954,853 995,853 995,886 954,886"/>
                    <TextEquiv>
                        <Unicode>de</Unicode>
                    </TextEquiv>
                    <TextStyle fontFamily="Times New Roman" fontSize="9.0"/>
                </Word>
                <Word id="w_w2aab1b3b4b1c29ab7" language="English" custom="readingOrder {index:1;}">
                    <Coords points="1020,850 1236,850 1236,885 1020,885"/>
                    <TextEquiv>
                        <Unicode>matrimonio</Unicode>
                    </TextEquiv>
                    <TextStyle fontFamily="Times New Roman" fontSize="9.0"/>
                </Word>
                <Word id="w_w2aab1b3b4b1c29ac29" language="English" custom="readingOrder {index:2;}">
                    <Coords points="1258,858 1276,858 1276,892 1258,892"/>
                    <TextEquiv>
                        <Unicode>y</Unicode>
                    </TextEquiv>
                    <TextStyle fontFamily="Times New Roman" fontSize="9.0"/>
                </Word>
                <Word id="w_w2aab1b3b4b1c29ac33" language="English" custom="readingOrder {index:3;}">
                    <Coords points="1298,857 1357,857 1357,890 1298,890"/>
                    <TextEquiv>
                        <Unicode>por</Unicode>
                    </TextEquiv>
                    <TextStyle fontFamily="Times New Roman" fontSize="9.0"/>
                </Word>
                <Word id="w_w2aab1b3b4b1c29ac41" language="English" custom="readingOrder {index:4;}">
                    <Coords points="1388,855 1444,855 1444,880 1388,880"/>
                    <TextEquiv>
                        <Unicode>eso</Unicode>
                    </TextEquiv>
                    <TextStyle fontFamily="Times New Roman" fontSize="9.0"/>
                </Word>
                <TextEquiv>
                    <Unicode>de matrimonio y por eso</Unicode>
                </TextEquiv>
                <TextStyle fontFamily="Times New Roman" fontSize="9.0"/>
            </TextLine>
            <TextLine id="tl_67" primaryLanguage="English" custom="readingOrder {index:15;}">
                <Coords points="951,892 1400,892 1400,940 951,940"/>
                <Baseline points="951,931 1109,929 1189,928 1282,927 1400,930"/>
                <Word id="w_w2aab1b3b4b1c31ab1" language="English" custom="readingOrder {index:0;}">
                    <Coords points="951,896 1109,896 1109,931 951,931"/>
                    <TextEquiv>
                        <Unicode>ocultaba</Unicode>
                    </TextEquiv>
                    <TextStyle fontFamily="Times New Roman" fontSize="9.0"/>
                </Word>
                <Word id="w_w2aab1b3b4b1c31ac19" language="English" custom="readingOrder {index:1;}">
                    <Coords points="1132,905 1189,905 1189,929 1132,929"/>
                    <TextEquiv>
                        <Unicode>sus</Unicode>
                    </TextEquiv>
                    <TextStyle fontFamily="Times New Roman" fontSize="9.0"/>
                </Word>
                <Word id="w_w2aab1b3b4b1c31ac27" language="English" custom="readingOrder {index:2;}">
                    <Coords points="1224,894 1282,894 1282,927 1224,927"/>
                    <TextEquiv>
                        <Unicode>dos</Unicode>
                    </TextEquiv>
                    <TextStyle fontFamily="Times New Roman" fontSize="9.0"/>
                </Word>
                <Word id="w_w2aab1b3b4b1c31ac35" language="English" custom="readingOrder {index:3;}">
                    <Coords points="1302,892 1400,892 1400,935 1302,935"/>
                    <TextEquiv>
                        <Unicode>hijos,</Unicode>
                    </TextEquiv>
                    <TextStyle fontFamily="Times New Roman" fontSize="9.0"/>
                </Word>
                <TextEquiv>
                    <Unicode>ocultaba sus dos hijos,</Unicode>
                </TextEquiv>
                <TextStyle fontFamily="Times New Roman" fontSize="9.0"/>
            </TextLine>
            <TextLine id="tl_68" primaryLanguage="English" custom="readingOrder {index:16;}">
                <Coords points="955,934 1422,934 1422,983 955,983"/>
                <Baseline points="955,983 1021,973 1142,973 1248,971 1309,970 1422,967"/>
                <Word id="w_w2aab1b3b4b1c33ab1" language="English" custom="readingOrder {index:0;}">
                    <Coords points="955,950 1021,950 1021,983 955,983"/>
                    <TextEquiv>
                        <Unicode>que</Unicode>
                    </TextEquiv>
                    <TextStyle fontFamily="Times New Roman" fontSize="9.0"/>
                </Word>
                <Word id="w_w2aab1b3b4b1c33ab9" language="English" custom="readingOrder {index:1;}">
                    <Coords points="1042,940 1142,940 1142,973 1042,973"/>
                    <TextEquiv>
                        <Unicode>nadie</Unicode>
                    </TextEquiv>
                    <TextStyle fontFamily="Times New Roman" fontSize="9.0"/>
                </Word>
                <Word id="w_w2aab1b3b4b1c33ac21" language="English" custom="readingOrder {index:2;}">
                    <Coords points="1157,937 1248,937 1248,972 1157,972"/>
                    <TextEquiv>
                        <Unicode>sabia</Unicode>
                    </TextEquiv>
                    <TextStyle fontFamily="Times New Roman" fontSize="9.0"/>
                </Word>
                <Word id="w_w2aab1b3b4b1c33ac33" language="English" custom="readingOrder {index:3;}">
                    <Coords points="1268,938 1309,938 1309,972 1268,972"/>
                    <TextEquiv>
                        <Unicode>de</Unicode>
                    </TextEquiv>
                    <TextStyle fontFamily="Times New Roman" fontSize="9.0"/>
                </Word>
                <Word id="w_w2aab1b3b4b1c33ac39" language="English" custom="readingOrder {index:4;}">
                    <Coords points="1328,936 1422,936 1422,970 1328,970"/>
                    <TextEquiv>
                        <Unicode>ellos.</Unicode>
                    </TextEquiv>
                    <TextStyle fontFamily="Times New Roman" fontSize="9.0"/>
                </Word>
                <TextEquiv>
                    <Unicode>que nadie sabia de ellos.</Unicode>
                </TextEquiv>
                <TextStyle fontFamily="Times New Roman" fontSize="9.0"/>
            </TextLine>
            <TextEquiv>
                <Unicode>que sin sus dos hijos bellos&#13;
la triste Griseda estaba:&#13;
pero ningun sentimiento&#13;
en su rostro conocian,&#13;
y aunque alguna vez Gualtero&#13;
se los nombraba por ver&#13;
si ella haria algun estreno&#13;
ó demostracion de pena,&#13;
jamas consiguió su intento.&#13;
Luego despues, un rumor&#13;
se suscritó por el reino,&#13;
pues decian que el marqués,&#13;
que estaba muy descontento&#13;
de su desigual estado&#13;
de matrimonio y por eso&#13;
ocultaba sus dos hijos,&#13;
que nadie sabia de ellos.</Unicode>
            </TextEquiv>
        </TextRegion>
        <TextRegion type="paragraph" id="r_2_3" custom="readingOrder {index:7;}">
            <Coords points="951,977 1469,977 1469,1074 951,1074"/>
            <TextLine id="tl_69" primaryLanguage="English" custom="readingOrder {index:0;}">
                <Coords points="956,978 1468,978 1468,1028 956,1028"/>
                <Baseline points="956,1019 981,1019 1043,1018 1117,1016 1149,1017 1244,1024 1379,1013 1468,1011"/>
                <Word id="w_w2aab1b3b4b3b1ab1" language="English" custom="readingOrder {index:0;}">
                    <Coords points="956,986 981,986 981,1019 956,1019"/>
                    <TextEquiv>
                        <Unicode>Y</Unicode>
                    </TextEquiv>
                    <TextStyle fontFamily="Times New Roman" fontSize="9.0"/>
                </Word>
                <Word id="w_w2aab1b3b4b3b1ab5" language="English" custom="readingOrder {index:1;}">
                    <Coords points="1002,984 1043,984 1043,1018 1002,1018"/>
                    <TextEquiv>
                        <Unicode>de</Unicode>
                    </TextEquiv>
                    <TextStyle fontFamily="Times New Roman" fontSize="9.0"/>
                </Word>
                <Word id="w_w2aab1b3b4b3b1ac11" language="English" custom="readingOrder {index:2;}">
                    <Coords points="1060,983 1117,983 1117,1017 1060,1017"/>
                    <TextEquiv>
                        <Unicode>allí</Unicode>
                    </TextEquiv>
                    <TextStyle fontFamily="Times New Roman" fontSize="9.0"/>
                </Word>
                <Word id="w_w2aab1b3b4b3b1ac21" language="English" custom="readingOrder {index:3;}">
                    <Coords points="1131,983 1149,983 1149,1017 1131,1017"/>
                    <TextEquiv>
                        <Unicode>á</Unicode>
                    </TextEquiv>
                    <TextStyle fontFamily="Times New Roman" fontSize="9.0"/>
                </Word>
                <Word id="w_w2aab1b3b4b3b1ac25" language="English" custom="readingOrder {index:4;}">
                    <Coords points="1166,992 1244,992 1244,1024 1166,1024"/>
                    <TextEquiv>
                        <Unicode>muy</Unicode>
                    </TextEquiv>
                    <TextStyle fontFamily="Times New Roman" fontSize="9.0"/>
                </Word>
                <Word id="w_w2aab1b3b4b3b1ac33" language="English" custom="readingOrder {index:5;}">
                    <Coords points="1260,981 1379,981 1379,1016 1260,1016"/>
                    <TextEquiv>
                        <Unicode>breves</Unicode>
                    </TextEquiv>
                    <TextStyle fontFamily="Times New Roman" fontSize="9.0"/>
                </Word>
                <Word id="w_w2aab1b3b4b3b1ac47" language="English" custom="readingOrder {index:6;}">
                    <Coords points="1398,978 1468,978 1468,1013 1398,1013"/>
                    <TextEquiv>
                        <Unicode>dias</Unicode>
                    </TextEquiv>
                    <TextStyle fontFamily="Times New Roman" fontSize="9.0"/>
                </Word>
                <TextEquiv>
                    <Unicode>Y de allí á muy breves dias</Unicode>
                </TextEquiv>
                <TextStyle fontFamily="Times New Roman" fontSize="9.0"/>
            </TextLine>
            <TextLine id="tl_70" primaryLanguage="English" custom="readingOrder {index:1;}">
                <Coords points="952,1024 1355,1024 1355,1073 952,1073"/>
                <Baseline points="952,1063 1044,1061 1206,1061 1355,1058"/>
                <Word id="w_w2aab1b3b4b3b3ab1" language="English" custom="readingOrder {index:0;}">
                    <Coords points="952,1033 1044,1033 1044,1063 952,1063"/>
                    <TextEquiv>
                        <Unicode>otras</Unicode>
                    </TextEquiv>
                    <TextStyle fontFamily="Times New Roman" fontSize="9.0"/>
                </Word>
                <Word id="w_w2aab1b3b4b3b3ac13" language="English" custom="readingOrder {index:1;}">
                    <Coords points="1063,1028 1206,1028 1206,1062 1063,1062"/>
                    <TextEquiv>
                        <Unicode>noticias</Unicode>
                    </TextEquiv>
                    <TextStyle fontFamily="Times New Roman" fontSize="9.0"/>
                </Word>
                <Word id="w_w2aab1b3b4b3b3ac31" language="English" custom="readingOrder {index:2;}">
                    <Coords points="1230,1034 1355,1034 1355,1069 1230,1069"/>
                    <TextEquiv>
                        <Unicode>oyeron</Unicode>
                    </TextEquiv>
                    <TextStyle fontFamily="Times New Roman" fontSize="9.0"/>
                </Word>
                <TextEquiv>
                    <Unicode>otras noticias oyeron</Unicode>
                </TextEquiv>
                <TextStyle fontFamily="Times New Roman" fontSize="9.0"/>
            </TextLine>
            <TextEquiv>
                <Unicode>Y de allí á muy breves dias
otras noticias oyeron</Unicode>
            </TextEquiv>
        </TextRegion>
        <TextRegion type="paragraph" id="r_2_4" custom="readingOrder {index:8;}">
            <Coords points="952,1065 1534,1065 1534,1383 952,1383"/>
            <TextLine id="tl_71" primaryLanguage="English" custom="readingOrder {index:0;}">
                <Coords points="953,1066 1533,1066 1533,1117 953,1117"/>
                <Baseline points="953,1116 1014,1107 1078,1106 1214,1110 1293,1104 1340,1103 1533,1106"/>
                <Word id="w_w2aab1b3b4b5b1ab1" language="English" custom="readingOrder {index:0;}">
                    <Coords points="953,1083 1014,1083 1014,1116 953,1116"/>
                    <TextEquiv>
                        <Unicode>por</Unicode>
                    </TextEquiv>
                    <TextStyle fontFamily="Times New Roman" fontSize="9.0"/>
                </Word>
                <Word id="w_w2aab1b3b4b5b1ab9" language="English" custom="readingOrder {index:1;}">
                    <Coords points="1029,1073 1078,1073 1078,1107 1029,1107"/>
                    <TextEquiv>
                        <Unicode>las</Unicode>
                    </TextEquiv>
                    <TextStyle fontFamily="Times New Roman" fontSize="9.0"/>
                </Word>
                <Word id="w_w2aab1b3b4b5b1ac17" language="English" custom="readingOrder {index:2;}">
                    <Coords points="1104,1072 1214,1072 1214,1110 1104,1110"/>
                    <TextEquiv>
                        <Unicode>córte;</Unicode>
                    </TextEquiv>
                    <TextStyle fontFamily="Times New Roman" fontSize="9.0"/>
                </Word>
                <Word id="w_w2aab1b3b4b5b1ac31" language="English" custom="readingOrder {index:3;}">
                    <Coords points="1228,1079 1293,1079 1293,1113 1228,1113"/>
                    <TextEquiv>
                        <Unicode>que</Unicode>
                    </TextEquiv>
                    <TextStyle fontFamily="Times New Roman" fontSize="9.0"/>
                </Word>
                <Word id="w_w2aab1b3b4b5b1ac39" language="English" custom="readingOrder {index:4;}">
                    <Coords points="1309,1069 1340,1069 1340,1103 1309,1103"/>
                    <TextEquiv>
                        <Unicode>el</Unicode>
                    </TextEquiv>
                    <TextStyle fontFamily="Times New Roman" fontSize="9.0"/>
                </Word>
                <Word id="w_w2aab1b3b4b5b1ac45" language="English" custom="readingOrder {index:5;}">
                    <Coords points="1362,1066 1533,1066 1533,1110 1362,1110"/>
                    <TextEquiv>
                        <Unicode>marqués,</Unicode>
                    </TextEquiv>
                    <TextStyle fontFamily="Times New Roman" fontSize="9.0"/>
                </Word>
                <TextEquiv>
                    <Unicode>por las córte; que el marqués,</Unicode>
                </TextEquiv>
                <TextStyle fontFamily="Times New Roman" fontSize="9.0"/>
            </TextLine>
            <TextLine id="tl_72" primaryLanguage="English" custom="readingOrder {index:1;}">
                <Coords points="956,1112 1474,1112 1474,1162 956,1162"/>
                <Baseline points="956,1151 988,1151 1086,1150 1136,1151 1254,1149 1328,1147 1474,1152"/>
                <Word id="w_w2aab1b3b4b5b3ab1" language="English" custom="readingOrder {index:0;}">
                    <Coords points="956,1119 988,1119 988,1151 956,1151"/>
                    <TextEquiv>
                        <Unicode>al</Unicode>
                    </TextEquiv>
                    <TextStyle fontFamily="Times New Roman" fontSize="9.0"/>
                </Word>
                <Word id="w_w2aab1b3b4b5b3ab7" language="English" custom="readingOrder {index:1;}">
                    <Coords points="1002,1119 1086,1119 1086,1160 1002,1160"/>
                    <TextEquiv>
                        <Unicode>Papa</Unicode>
                    </TextEquiv>
                    <TextStyle fontFamily="Times New Roman" fontSize="9.0"/>
                </Word>
                <Word id="w_w2aab1b3b4b5b3ac17" language="English" custom="readingOrder {index:2;}">
                    <Coords points="1103,1117 1136,1117 1136,1151 1103,1151"/>
                    <TextEquiv>
                        <Unicode>le</Unicode>
                    </TextEquiv>
                    <TextStyle fontFamily="Times New Roman" fontSize="9.0"/>
                </Word>
                <Word id="w_w2aab1b3b4b5b3ac23" language="English" custom="readingOrder {index:3;}">
                    <Coords points="1156,1115 1254,1115 1254,1150 1156,1150"/>
                    <TextEquiv>
                        <Unicode>envió</Unicode>
                    </TextEquiv>
                    <TextStyle fontFamily="Times New Roman" fontSize="9.0"/>
                </Word>
                <Word id="w_w2aab1b3b4b5b3ac35" language="English" custom="readingOrder {index:4;}">
                    <Coords points="1282,1124 1328,1124 1328,1147 1282,1147"/>
                    <TextEquiv>
                        <Unicode>un</Unicode>
                    </TextEquiv>
                    <TextStyle fontFamily="Times New Roman" fontSize="9.0"/>
                </Word>
                <Word id="w_w2aab1b3b4b5b3ac41" language="English" custom="readingOrder {index:5;}">
                    <Coords points="1353,1113 1474,1113 1474,1155 1353,1155"/>
                    <TextEquiv>
                        <Unicode>pliego,</Unicode>
                    </TextEquiv>
                    <TextStyle fontFamily="Times New Roman" fontSize="9.0"/>
                </Word>
                <TextEquiv>
                    <Unicode>al Papa le envió un pliego,</Unicode>
                </TextEquiv>
                <TextStyle fontFamily="Times New Roman" fontSize="9.0"/>
            </TextLine>
            <TextLine id="tl_73" primaryLanguage="English" custom="readingOrder {index:2;}">
                <Coords points="956,1157 1385,1157 1385,1206 956,1206"/>
                <Baseline points="956,1204 1037,1195 1114,1194 1161,1193 1385,1191"/>
                <Word id="w_w2aab1b3b4b5b5ab1" language="English" custom="readingOrder {index:0;}">
                    <Coords points="956,1171 1037,1171 1037,1204 956,1204"/>
                    <TextEquiv>
                        <Unicode>para</Unicode>
                    </TextEquiv>
                    <TextStyle fontFamily="Times New Roman" fontSize="9.0"/>
                </Word>
                <Word id="w_w2aab1b3b4b5b5ac11" language="English" custom="readingOrder {index:1;}">
                    <Coords points="1053,1170 1114,1170 1114,1194 1053,1194"/>
                    <TextEquiv>
                        <Unicode>ver</Unicode>
                    </TextEquiv>
                    <TextStyle fontFamily="Times New Roman" fontSize="9.0"/>
                </Word>
                <Word id="w_w2aab1b3b4b5b5ac19" language="English" custom="readingOrder {index:2;}">
                    <Coords points="1132,1161 1161,1161 1161,1194 1132,1194"/>
                    <TextEquiv>
                        <Unicode>si</Unicode>
                    </TextEquiv>
                    <TextStyle fontFamily="Times New Roman" fontSize="9.0"/>
                </Word>
                <Word id="w_w2aab1b3b4b5b5ac25" language="English" custom="readingOrder {index:3;}">
                    <Coords points="1176,1157 1385,1157 1385,1202 1176,1202"/>
                    <TextEquiv>
                        <Unicode>repudiando</Unicode>
                    </TextEquiv>
                    <TextStyle fontFamily="Times New Roman" fontSize="9.0"/>
                </Word>
                <TextEquiv>
                    <Unicode>para ver si repudiando</Unicode>
                </TextEquiv>
                <TextStyle fontFamily="Times New Roman" fontSize="9.0"/>
            </TextLine>
            <TextLine id="tl_74" primaryLanguage="English" custom="readingOrder {index:3;}">
                <Coords points="957,1198 1493,1198 1493,1250 957,1250"/>
                <Baseline points="957,1239 990,1239 1123,1238 1213,1238 1264,1237 1331,1235 1378,1235 1493,1236"/>
                <Word id="w_w2aab1b3b4b5b7ab1" language="English" custom="readingOrder {index:0;}">
                    <Coords points="957,1207 990,1207 990,1239 957,1239"/>
                    <TextEquiv>
                        <Unicode>la</Unicode>
                    </TextEquiv>
                    <TextStyle fontFamily="Times New Roman" fontSize="9.0"/>
                </Word>
                <Word id="w_w2aab1b3b4b5b7ab7" language="English" custom="readingOrder {index:1;}">
                    <Coords points="1008,1214 1123,1214 1123,1246 1008,1246"/>
                    <TextEquiv>
                        <Unicode>esposa</Unicode>
                    </TextEquiv>
                    <TextStyle fontFamily="Times New Roman" fontSize="9.0"/>
                </Word>
                <Word id="w_w2aab1b3b4b5b7ac21" language="English" custom="readingOrder {index:2;}">
                    <Coords points="1148,1213 1213,1213 1213,1247 1148,1247"/>
                    <TextEquiv>
                        <Unicode>que</Unicode>
                    </TextEquiv>
                    <TextStyle fontFamily="Times New Roman" fontSize="9.0"/>
                </Word>
                <Word id="w_w2aab1b3b4b5b7ac29" language="English" custom="readingOrder {index:3;}">
                    <Coords points="1233,1205 1264,1205 1264,1237 1233,1237"/>
                    <TextEquiv>
                        <Unicode>le</Unicode>
                    </TextEquiv>
                    <TextStyle fontFamily="Times New Roman" fontSize="9.0"/>
                </Word>
                <Word id="w_w2aab1b3b4b5b7ac35" language="English" custom="readingOrder {index:4;}">
                    <Coords points="1279,1202 1331,1202 1331,1235 1279,1235"/>
                    <TextEquiv>
                        <Unicode>dió</Unicode>
                    </TextEquiv>
                    <TextStyle fontFamily="Times New Roman" fontSize="9.0"/>
                </Word>
                <Word id="w_w2aab1b3b4b5b7ac43" language="English" custom="readingOrder {index:5;}">
                    <Coords points="1347,1202 1378,1202 1378,1235 1347,1235"/>
                    <TextEquiv>
                        <Unicode>el</Unicode>
                    </TextEquiv>
                    <TextStyle fontFamily="Times New Roman" fontSize="9.0"/>
                </Word>
                <Word id="w_w2aab1b3b4b5b7ac49" language="English" custom="readingOrder {index:6;}">
                    <Coords points="1394,1199 1493,1199 1493,1236 1394,1236"/>
                    <TextEquiv>
                        <Unicode>cielo,</Unicode>
                    </TextEquiv>
                    <TextStyle fontFamily="Times New Roman" fontSize="9.0"/>
                </Word>
                <TextEquiv>
                    <Unicode>la esposa que le dió el cielo,</Unicode>
                </TextEquiv>
                <TextStyle fontFamily="Times New Roman" fontSize="9.0"/>
            </TextLine>
            <TextLine id="tl_75" primaryLanguage="English" custom="readingOrder {index:4;}">
                <Coords points="958,1244 1390,1244 1390,1292 958,1292"/>
                <Baseline points="959,1292 1113,1282 1223,1281 1303,1280 1390,1278"/>
                <Word id="w_w2aab1b3b4b5b9ab1" language="English" custom="readingOrder {index:0;}">
                    <Coords points="959,1249 1113,1249 1113,1292 959,1292"/>
                    <TextEquiv>
                        <Unicode>podríase</Unicode>
                    </TextEquiv>
                    <TextStyle fontFamily="Times New Roman" fontSize="9.0"/>
                </Word>
                <Word id="w_w2aab1b3b4b5b9ac19" language="English" custom="readingOrder {index:1;}">
                    <Coords points="1128,1257 1223,1257 1223,1282 1128,1282"/>
                    <TextEquiv>
                        <Unicode>casar</Unicode>
                    </TextEquiv>
                    <TextStyle fontFamily="Times New Roman" fontSize="9.0"/>
                </Word>
                <Word id="w_w2aab1b3b4b5b9ac31" language="English" custom="readingOrder {index:2;}">
                    <Coords points="1239,1256 1303,1256 1303,1282 1239,1282"/>
                    <TextEquiv>
                        <Unicode>con</Unicode>
                    </TextEquiv>
                    <TextStyle fontFamily="Times New Roman" fontSize="9.0"/>
                </Word>
                <Word id="w_w2aab1b3b4b5b9ac39" language="English" custom="readingOrder {index:3;}">
                    <Coords points="1317,1249 1390,1249 1390,1280 1317,1280"/>
                    <TextEquiv>
                        <Unicode>otra</Unicode>
                    </TextEquiv>
                    <TextStyle fontFamily="Times New Roman" fontSize="9.0"/>
                </Word>
                <TextEquiv>
                    <Unicode>podríase casar con otra</Unicode>
                </TextEquiv>
                <TextStyle fontFamily="Times New Roman" fontSize="9.0"/>
            </TextLine>
            <TextLine id="tl_76" primaryLanguage="English" custom="readingOrder {index:5;}">
                <Coords points="960,1288 1431,1288 1431,1338 960,1338"/>
                <Baseline points="960,1337 1022,1327 1070,1327 1236,1325 1278,1334 1431,1323"/>
                <Word id="w_w2aab1b3b4b5c11ab1" language="English" custom="readingOrder {index:0;}">
                    <Coords points="960,1304 1022,1304 1022,1337 960,1337"/>
                    <TextEquiv>
                        <Unicode>por</Unicode>
                    </TextEquiv>
                    <TextStyle fontFamily="Times New Roman" fontSize="9.0"/>
                </Word>
                <Word id="w_w2aab1b3b4b5c11ab9" language="English" custom="readingOrder {index:1;}">
                    <Coords points="1038,1295 1070,1295 1070,1327 1038,1327"/>
                    <TextEquiv>
                        <Unicode>la</Unicode>
                    </TextEquiv>
                    <TextStyle fontFamily="Times New Roman" fontSize="9.0"/>
                </Word>
                <Word id="w_w2aab1b3b4b5c11ac15" language="English" custom="readingOrder {index:2;}">
                    <Coords points="1095,1292 1236,1292 1236,1336 1095,1336"/>
                    <TextEquiv>
                        <Unicode>quietud</Unicode>
                    </TextEquiv>
                    <TextStyle fontFamily="Times New Roman" fontSize="9.0"/>
                </Word>
                <Word id="w_w2aab1b3b4b5c11ac31" language="English" custom="readingOrder {index:3;}">
                    <Coords points="1260,1302 1278,1302 1278,1334 1260,1334"/>
                    <TextEquiv>
                        <Unicode>y</Unicode>
                    </TextEquiv>
                    <TextStyle fontFamily="Times New Roman" fontSize="9.0"/>
                </Word>
                <Word id="w_w2aab1b3b4b5c11ac35" language="English" custom="readingOrder {index:4;}">
                    <Coords points="1296,1289 1431,1289 1431,1332 1296,1332"/>
                    <TextEquiv>
                        <Unicode>sociego</Unicode>
                    </TextEquiv>
                    <TextStyle fontFamily="Times New Roman" fontSize="9.0"/>
                </Word>
                <TextEquiv>
                    <Unicode>por la quietud y sociego</Unicode>
                </TextEquiv>
                <TextStyle fontFamily="Times New Roman" fontSize="9.0"/>
            </TextLine>
            <TextLine id="tl_77" primaryLanguage="English" custom="readingOrder {index:6;}">
                <Coords points="961,1333 1409,1333 1409,1382 961,1382"/>
                <Baseline points="961,1371 1002,1372 1057,1370 1198,1370 1234,1378 1409,1365"/>
                <Word id="w_w2aab1b3b4b5c13ab1" language="English" custom="readingOrder {index:0;}">
                    <Coords points="961,1339 1002,1339 1002,1372 961,1372"/>
                    <TextEquiv>
                        <Unicode>de</Unicode>
                    </TextEquiv>
                    <TextStyle fontFamily="Times New Roman" fontSize="9.0"/>
                </Word>
                <Word id="w_w2aab1b3b4b5c13ab7" language="English" custom="readingOrder {index:1;}">
                    <Coords points="1019,1347 1057,1347 1057,1371 1019,1371"/>
                    <TextEquiv>
                        <Unicode>su</Unicode>
                    </TextEquiv>
                    <TextStyle fontFamily="Times New Roman" fontSize="9.0"/>
                </Word>
                <Word id="w_w2aab1b3b4b5c13ac13" language="English" custom="readingOrder {index:2;}">
                    <Coords points="1075,1337 1198,1337 1198,1370 1075,1370"/>
                    <TextEquiv>
                        <Unicode>familia</Unicode>
                    </TextEquiv>
                    <TextStyle fontFamily="Times New Roman" fontSize="9.0"/>
                </Word>
                <Word id="w_w2aab1b3b4b5c13ac29" language="English" custom="readingOrder {index:3;}">
                    <Coords points="1218,1346 1234,1346 1234,1378 1218,1378"/>
                    <TextEquiv>
                        <Unicode>y</Unicode>
                    </TextEquiv>
                    <TextStyle fontFamily="Times New Roman" fontSize="9.0"/>
                </Word>
                <Word id="w_w2aab1b3b4b5c13ac33" language="English" custom="readingOrder {index:4;}">
                    <Coords points="1254,1334 1409,1334 1409,1369 1254,1369"/>
                    <TextEquiv>
                        <Unicode>vasallos.</Unicode>
                    </TextEquiv>
                    <TextStyle fontFamily="Times New Roman" fontSize="9.0"/>
                </Word>
                <TextEquiv>
                    <Unicode>de su familia y vasallos.</Unicode>
                </TextEquiv>
                <TextStyle fontFamily="Times New Roman" fontSize="9.0"/>
            </TextLine>
            <TextEquiv>
                <Unicode>por las córte; que el marqués,
al Papa le envió un pliego,
para ver si repudiando
la esposa que le dió el cielo,
podríase casar con otra
por la quietud y sociego
de su familia y vasallos.</Unicode>
            </TextEquiv>
        </TextRegion>
        <TextRegion type="paragraph" id="r_2_5" custom="readingOrder {index:9;}">
            <Coords points="961,1374 1511,1374 1511,1516 961,1516"/>
            <TextLine id="tl_78" primaryLanguage="English" custom="readingOrder {index:0;}">
                <Coords points="962,1375 1499,1375 1499,1426 962,1426"/>
                <Baseline points="962,1415 989,1415 1151,1415 1262,1414 1351,1411 1499,1411"/>
                <Word id="w_w2aab1b3b4b7b1ab1" language="English" custom="readingOrder {index:0;}">
                    <Coords points="962,1383 989,1383 989,1415 962,1415"/>
                    <TextEquiv>
                        <Unicode>Y</Unicode>
                    </TextEquiv>
                    <TextStyle fontFamily="Times New Roman" fontSize="9.0"/>
                </Word>
                <Word id="w_w2aab1b3b4b7b1ab5" language="English" custom="readingOrder {index:1;}">
                    <Coords points="1010,1383 1151,1383 1151,1424 1010,1424"/>
                    <TextEquiv>
                        <Unicode>después</Unicode>
                    </TextEquiv>
                    <TextStyle fontFamily="Times New Roman" fontSize="9.0"/>
                </Word>
                <Word id="w_w2aab1b3b4b7b1ac21" language="English" custom="readingOrder {index:2;}">
                    <Coords points="1171,1380 1262,1380 1262,1414 1171,1414"/>
                    <TextEquiv>
                        <Unicode>lomó</Unicode>
                    </TextEquiv>
                    <TextStyle fontFamily="Times New Roman" fontSize="9.0"/>
                </Word>
                <Word id="w_w2aab1b3b4b7b1ac31" language="English" custom="readingOrder {index:3;}">
                    <Coords points="1281,1388 1351,1388 1351,1412 1281,1412"/>
                    <TextEquiv>
                        <Unicode>mas</Unicode>
                    </TextEquiv>
                    <TextStyle fontFamily="Times New Roman" fontSize="9.0"/>
                </Word>
                <Word id="w_w2aab1b3b4b7b1ac39" language="English" custom="readingOrder {index:4;}">
                    <Coords points="1373,1386 1499,1386 1499,1419 1373,1419"/>
                    <TextEquiv>
                        <Unicode>cuerpo</Unicode>
                    </TextEquiv>
                    <TextStyle fontFamily="Times New Roman" fontSize="9.0"/>
                </Word>
                <TextEquiv>
                    <Unicode>Y despues lomó mas cuerpo</Unicode>
                </TextEquiv>
                <TextStyle fontFamily="Times New Roman" fontSize="9.0"/>
            </TextLine>
            <TextLine id="tl_79" primaryLanguage="English" custom="readingOrder {index:1;}">
                <Coords points="965,1419 1510,1419 1510,1469 965,1469"/>
                <Baseline points="965,1469 1032,1459 1078,1459 1263,1457 1376,1454 1509,1454"/>
                <Word id="w_w2aab1b3b4b7b3ab1" language="English" custom="readingOrder {index:0;}">
                    <Coords points="965,1436 1032,1436 1032,1469 965,1469"/>
                    <TextEquiv>
                        <Unicode>que</Unicode>
                    </TextEquiv>
                    <TextStyle fontFamily="Times New Roman" fontSize="9.0"/>
                </Word>
                <Word id="w_w2aab1b3b4b7b3ab9" language="English" custom="readingOrder {index:1;}">
                    <Coords points="1047,1426 1078,1426 1078,1459 1047,1459"/>
                    <TextEquiv>
                        <Unicode>el</Unicode>
                    </TextEquiv>
                    <TextStyle fontFamily="Times New Roman" fontSize="9.0"/>
                </Word>
                <Word id="w_w2aab1b3b4b7b3ac15" language="English" custom="readingOrder {index:2;}">
                    <Coords points="1095,1425 1263,1425 1263,1466 1095,1466"/>
                    <TextEquiv>
                        <Unicode>despacho</Unicode>
                    </TextEquiv>
                    <TextStyle fontFamily="Times New Roman" fontSize="9.0"/>
                </Word>
                <Word id="w_w2aab1b3b4b7b3ac33" language="English" custom="readingOrder {index:3;}">
                    <Coords points="1279,1422 1376,1422 1376,1456 1279,1456"/>
                    <TextEquiv>
                        <Unicode>habia</Unicode>
                    </TextEquiv>
                    <TextStyle fontFamily="Times New Roman" fontSize="9.0"/>
                </Word>
                <Word id="w_w2aab1b3b4b7b3ac45" language="English" custom="readingOrder {index:4;}">
                    <Coords points="1393,1424 1509,1424 1509,1455 1393,1455"/>
                    <TextEquiv>
                        <Unicode>vuelto</Unicode>
                    </TextEquiv>
                    <TextStyle fontFamily="Times New Roman" fontSize="9.0"/>
                </Word>
                <TextEquiv>
                    <Unicode>que el despacho habia vuelto</Unicode>
                </TextEquiv>
                <TextStyle fontFamily="Times New Roman" fontSize="9.0"/>
            </TextLine>
            <TextLine id="tl_80" primaryLanguage="English" custom="readingOrder {index:2;}">
                <Coords points="965,1465 1411,1465 1411,1515 965,1515"/>
                <Baseline points="965,1504 1201,1509 1237,1510 1411,1499"/>
                <Word id="w_w2aab1b3b4b7b5ab1" language="English" custom="readingOrder {index:0;}">
                    <Coords points="965,1470 1201,1470 1201,1512 965,1512"/>
                    <TextEquiv>
                        <Unicode>dispensando,</Unicode>
                    </TextEquiv>
                    <TextStyle fontFamily="Times New Roman" fontSize="9.0"/>
                </Word>
                <Word id="w_w2aab1b3b4b7b5ac27" language="English" custom="readingOrder {index:1;}">
                    <Coords points="1220,1479 1237,1479 1237,1510 1220,1510"/>
                    <TextEquiv>
                        <Unicode>y</Unicode>
                    </TextEquiv>
                    <TextStyle fontFamily="Times New Roman" fontSize="9.0"/>
                </Word>
                <Word id="w_w2aab1b3b4b7b5ac31" language="English" custom="readingOrder {index:2;}">
                    <Coords points="1257,1465 1411,1465 1411,1511 1257,1511"/>
                    <TextEquiv>
                        <Unicode>permitía</Unicode>
                    </TextEquiv>
                    <TextStyle fontFamily="Times New Roman" fontSize="9.0"/>
                </Word>
                <TextEquiv>
                    <Unicode>dispensando, y permitía</Unicode>
                </TextEquiv>
                <TextStyle fontFamily="Times New Roman" fontSize="9.0"/>
            </TextLine>
            <TextEquiv>
                <Unicode>Y despues lomó mas cuerpo&#13;
que el despacho habia vuelto&#13;
dispensando, y permitía</Unicode>
            </TextEquiv>
        </TextRegion>
        <TextRegion type="paragraph" id="r_2_6" custom="readingOrder {index:10;}">
            <Coords points="963,1509 1530,1509 1530,2446 963,2446"/>
            <TextLine id="tl_81" primaryLanguage="English" custom="readingOrder {index:0;}">
                <Coords points="964,1510 1367,1510 1367,1559 964,1559"/>
                <Baseline points="964,1548 996,1548 1175,1547 1367,1549"/>
                <Word id="w_w2aab1b3b4b9b1ab1" language="English" custom="readingOrder {index:0;}">
                    <Coords points="964,1516 996,1516 996,1548 964,1548"/>
                    <TextEquiv>
                        <Unicode>el</Unicode>
                    </TextEquiv>
                    <TextStyle fontFamily="Times New Roman" fontSize="9.0"/>
                </Word>
                <Word id="w_w2aab1b3b4b9b1ab7" language="English" custom="readingOrder {index:1;}">
                    <Coords points="1013,1514 1175,1514 1175,1548 1013,1548"/>
                    <TextEquiv>
                        <Unicode>Pontífice</Unicode>
                    </TextEquiv>
                    <TextStyle fontFamily="Times New Roman" fontSize="9.0"/>
                </Word>
                <Word id="w_w2aab1b3b4b9b1ac27" language="English" custom="readingOrder {index:2;}">
                    <Coords points="1196,1520 1367,1520 1367,1555 1196,1555"/>
                    <TextEquiv>
                        <Unicode>supremo,</Unicode>
                    </TextEquiv>
                    <TextStyle fontFamily="Times New Roman" fontSize="9.0"/>
                </Word>
                <TextEquiv>
                    <Unicode>el Pontifice supremo,</Unicode>
                </TextEquiv>
                <TextStyle fontFamily="Times New Roman" fontSize="9.0"/>
            </TextLine>
            <TextLine id="tl_82" primaryLanguage="English" custom="readingOrder {index:1;}">
                <Coords points="965,1552 1486,1552 1486,1604 965,1604"/>
                <Baseline points="965,1592 1080,1592 1128,1591 1303,1589 1381,1587 1485,1587"/>
                <Word id="w_w2aab1b3b4b9b3ab1" language="English" custom="readingOrder {index:0;}">
                    <Coords points="965,1559 1080,1559 1080,1593 965,1593"/>
                    <TextEquiv>
                        <Unicode>casáse</Unicode>
                    </TextEquiv>
                    <TextStyle fontFamily="Times New Roman" fontSize="9.0"/>
                </Word>
                <Word id="w_w2aab1b3b4b9b3ac15" language="English" custom="readingOrder {index:1;}">
                    <Coords points="1097,1559 1128,1559 1128,1592 1097,1592"/>
                    <TextEquiv>
                        <Unicode>el</Unicode>
                    </TextEquiv>
                    <TextStyle fontFamily="Times New Roman" fontSize="9.0"/>
                </Word>
                <Word id="w_w2aab1b3b4b9b3ac21" language="English" custom="readingOrder {index:2;}">
                    <Coords points="1144,1556 1303,1556 1303,1600 1144,1600"/>
                    <TextEquiv>
                        <Unicode>marqués</Unicode>
                    </TextEquiv>
                    <TextStyle fontFamily="Times New Roman" fontSize="9.0"/>
                </Word>
                <Word id="w_w2aab1b3b4b9b3ac37" language="English" custom="readingOrder {index:3;}">
                    <Coords points="1319,1564 1381,1564 1381,1589 1319,1589"/>
                    <TextEquiv>
                        <Unicode>con</Unicode>
                    </TextEquiv>
                    <TextStyle fontFamily="Times New Roman" fontSize="9.0"/>
                </Word>
                <Word id="w_w2aab1b3b4b9b3ac45" language="English" custom="readingOrder {index:4;}">
                    <Coords points="1402,1558 1485,1558 1485,1588 1402,1588"/>
                    <TextEquiv>
                        <Unicode>otra.</Unicode>
                    </TextEquiv>
                    <TextStyle fontFamily="Times New Roman" fontSize="9.0"/>
                </Word>
                <TextEquiv>
                    <Unicode>casáse el marqués con otra.</Unicode>
                </TextEquiv>
                <TextStyle fontFamily="Times New Roman" fontSize="9.0"/>
            </TextLine>
            <TextLine id="tl_83" primaryLanguage="English" custom="readingOrder {index:2;}">
                <Coords points="965,1598 1433,1598 1433,1646 965,1646"/>
                <Baseline points="965,1637 1063,1636 1223,1636 1433,1639"/>
                <Word id="w_w2aab1b3b4b9b5ab1" language="English" custom="readingOrder {index:0;}">
                    <Coords points="965,1604 1063,1604 1063,1637 965,1637"/>
                    <TextEquiv>
                        <Unicode>Tales</Unicode>
                    </TextEquiv>
                    <TextStyle fontFamily="Times New Roman" fontSize="9.0"/>
                </Word>
                <Word id="w_w2aab1b3b4b9b5ac13" language="English" custom="readingOrder {index:1;}">
                    <Coords points="1079,1602 1223,1602 1223,1636 1079,1636"/>
                    <TextEquiv>
                        <Unicode>noticias</Unicode>
                    </TextEquiv>
                    <TextStyle fontFamily="Times New Roman" fontSize="9.0"/>
                </Word>
                <Word id="w_w2aab1b3b4b9b5ac31" language="English" custom="readingOrder {index:2;}">
                    <Coords points="1244,1599 1433,1599 1433,1639 1244,1639"/>
                    <TextEquiv>
                        <Unicode>corriendo,</Unicode>
                    </TextEquiv>
                    <TextStyle fontFamily="Times New Roman" fontSize="9.0"/>
                </Word>
                <TextEquiv>
                    <Unicode>Tales noticias corriendo,</Unicode>
                </TextEquiv>
                <TextStyle fontFamily="Times New Roman" fontSize="9.0"/>
            </TextLine>
            <TextLine id="tl_84" primaryLanguage="English" custom="readingOrder {index:3;}">
                <Coords points="965,1643 1364,1643 1364,1691 965,1691"/>
                <Baseline points="965,1681 1142,1680 1179,1679 1364,1682"/>
                <Word id="w_w2aab1b3b4b9b7ab1" language="English" custom="readingOrder {index:0;}">
                    <Coords points="965,1648 1142,1648 1142,1690 965,1690"/>
                    <TextEquiv>
                        <Unicode>empezóse</Unicode>
                    </TextEquiv>
                    <TextStyle fontFamily="Times New Roman" fontSize="9.0"/>
                </Word>
                <Word id="w_w2aab1b3b4b9b7ac19" language="English" custom="readingOrder {index:1;}">
                    <Coords points="1160,1646 1179,1646 1179,1679 1160,1679"/>
                    <TextEquiv>
                        <Unicode>á</Unicode>
                    </TextEquiv>
                    <TextStyle fontFamily="Times New Roman" fontSize="9.0"/>
                </Word>
                <Word id="w_w2aab1b3b4b9b7ac23" language="English" custom="readingOrder {index:2;}">
                    <Coords points="1199,1645 1364,1645 1364,1686 1199,1686"/>
                    <TextEquiv>
                        <Unicode>divulgar,</Unicode>
                    </TextEquiv>
                    <TextStyle fontFamily="Times New Roman" fontSize="9.0"/>
                </Word>
                <TextEquiv>
                    <Unicode>empezóse á divulgar,</Unicode>
                </TextEquiv>
                <TextStyle fontFamily="Times New Roman" fontSize="9.0"/>
            </TextLine>
            <TextLine id="tl_85" primaryLanguage="English" custom="readingOrder {index:4;}">
                <Coords points="966,1687 1416,1687 1416,1736 966,1736"/>
                <Baseline points="966,1733 985,1733 1039,1725 1208,1724 1256,1724 1415,1727"/>
                <Word id="w_w2aab1b3b4b9b9ab1" language="English" custom="readingOrder {index:0;}">
                    <Coords points="966,1701 985,1701 985,1733 966,1733"/>
                    <TextEquiv>
                        <Unicode>y</Unicode>
                    </TextEquiv>
                    <TextStyle fontFamily="Times New Roman" fontSize="9.0"/>
                </Word>
                <Word id="w_w2aab1b3b4b9b9ab5" language="English" custom="readingOrder {index:1;}">
                    <Coords points="1004,1701 1039,1701 1039,1725 1004,1725"/>
                    <TextEquiv>
                        <Unicode>se</Unicode>
                    </TextEquiv>
                    <TextStyle fontFamily="Times New Roman" fontSize="9.0"/>
                </Word>
                <Word id="w_w2aab1b3b4b9b9ac11" language="English" custom="readingOrder {index:2;}">
                    <Coords points="1052,1691 1208,1691 1208,1734 1052,1734"/>
                    <TextEquiv>
                        <Unicode>prefijaba</Unicode>
                    </TextEquiv>
                    <TextStyle fontFamily="Times New Roman" fontSize="9.0"/>
                </Word>
                <Word id="w_w2aab1b3b4b9b9ac31" language="English" custom="readingOrder {index:3;}">
                    <Coords points="1226,1691 1256,1691 1256,1724 1226,1724"/>
                    <TextEquiv>
                        <Unicode>el</Unicode>
                    </TextEquiv>
                    <TextStyle fontFamily="Times New Roman" fontSize="9.0"/>
                </Word>
                <Word id="w_w2aab1b3b4b9b9ac37" language="English" custom="readingOrder {index:4;}">
                    <Coords points="1280,1689 1415,1689 1415,1730 1280,1730"/>
                    <TextEquiv>
                        <Unicode>tiempo,</Unicode>
                    </TextEquiv>
                    <TextStyle fontFamily="Times New Roman" fontSize="9.0"/>
                </Word>
                <TextEquiv>
                    <Unicode>y se prefijaba el tiempo,</Unicode>
                </TextEquiv>
                <TextStyle fontFamily="Times New Roman" fontSize="9.0"/>
            </TextLine>
            <TextLine id="tl_86" primaryLanguage="English" custom="readingOrder {index:5;}">
                <Coords points="966,1731 1437,1731 1437,1772 966,1772"/>
                <Baseline points="966,1768 1098,1768 1260,1768 1312,1766 1437,1764"/>
                <Word id="w_w2aab1b3b4b9c11ab1" language="English" custom="readingOrder {index:0;}">
                    <Coords points="966,1736 1098,1736 1098,1769 966,1769"/>
                    <TextEquiv>
                        <Unicode>cuando</Unicode>
                    </TextEquiv>
                    <TextStyle fontFamily="Times New Roman" fontSize="9.0"/>
                </Word>
                <Word id="w_w2aab1b3b4b9c11ac15" language="English" custom="readingOrder {index:1;}">
                    <Coords points="1122,1735 1260,1735 1260,1768 1122,1768"/>
                    <TextEquiv>
                        <Unicode>vendria</Unicode>
                    </TextEquiv>
                    <TextStyle fontFamily="Times New Roman" fontSize="9.0"/>
                </Word>
                <Word id="w_w2aab1b3b4b9c11ac31" language="English" custom="readingOrder {index:2;}">
                    <Coords points="1282,1733 1312,1733 1312,1766 1282,1766"/>
                    <TextEquiv>
                        <Unicode>la</Unicode>
                    </TextEquiv>
                    <TextStyle fontFamily="Times New Roman" fontSize="9.0"/>
                </Word>
                <Word id="w_w2aab1b3b4b9c11ac37" language="English" custom="readingOrder {index:3;}">
                    <Coords points="1340,1731 1437,1731 1437,1766 1340,1766"/>
                    <TextEquiv>
                        <Unicode>novia</Unicode>
                    </TextEquiv>
                    <TextStyle fontFamily="Times New Roman" fontSize="9.0"/>
                </Word>
                <TextEquiv>
                    <Unicode>cuando vendria la novia</Unicode>
                </TextEquiv>
                <TextStyle fontFamily="Times New Roman" fontSize="9.0"/>
            </TextLine>
            <TextLine id="tl_87" primaryLanguage="English" custom="readingOrder {index:6;}">
                <Coords points="966,1772 1502,1772 1502,1825 966,1825"/>
                <Baseline points="966,1812 1020,1812 1224,1818 1260,1821 1342,1810 1502,1809"/>
                <Word id="w_w2aab1b3b4b9c13ab1" language="English" custom="readingOrder {index:0;}">
                    <Coords points="966,1780 1020,1780 1020,1813 966,1813"/>
                    <TextEquiv>
                        <Unicode>del</Unicode>
                    </TextEquiv>
                    <TextStyle fontFamily="Times New Roman" fontSize="9.0"/>
                </Word>
                <Word id="w_w2aab1b3b4b9c13ab9" language="English" custom="readingOrder {index:1;}">
                    <Coords points="1052,1778 1224,1778 1224,1822 1052,1822"/>
                    <TextEquiv>
                        <Unicode>marqués,</Unicode>
                    </TextEquiv>
                    <TextStyle fontFamily="Times New Roman" fontSize="9.0"/>
                </Word>
                <Word id="w_w2aab1b3b4b9c13ac27" language="English" custom="readingOrder {index:2;}">
                    <Coords points="1242,1788 1260,1788 1260,1821 1242,1821"/>
                    <TextEquiv>
                        <Unicode>y</Unicode>
                    </TextEquiv>
                    <TextStyle fontFamily="Times New Roman" fontSize="9.0"/>
                </Word>
                <Word id="w_w2aab1b3b4b9c13ac31" language="English" custom="readingOrder {index:3;}">
                    <Coords points="1279,1787 1342,1787 1342,1812 1279,1812"/>
                    <TextEquiv>
                        <Unicode>con</Unicode>
                    </TextEquiv>
                    <TextStyle fontFamily="Times New Roman" fontSize="9.0"/>
                </Word>
                <Word id="w_w2aab1b3b4b9c13ac39" language="English" custom="readingOrder {index:4;}">
                    <Coords points="1354,1775 1502,1775 1502,1810 1354,1810"/>
                    <TextEquiv>
                        <Unicode>acuerdo</Unicode>
                    </TextEquiv>
                    <TextStyle fontFamily="Times New Roman" fontSize="9.0"/>
                </Word>
                <TextEquiv>
                    <Unicode>del marqués, y con acuerdo</Unicode>
                </TextEquiv>
                <TextStyle fontFamily="Times New Roman" fontSize="9.0"/>
            </TextLine>
            <TextLine id="tl_88" primaryLanguage="English" custom="readingOrder {index:7;}">
                <Coords points="965,1817 1351,1817 1351,1868 965,1868"/>
                <Baseline points="965,1856 998,1857 1152,1857 1240,1856 1351,1855"/>
                <Word id="w_w2aab1b3b4b9c15ab1" language="English" custom="readingOrder {index:0;}">
                    <Coords points="965,1823 998,1823 998,1857 965,1857"/>
                    <TextEquiv>
                        <Unicode>le</Unicode>
                    </TextEquiv>
                    <TextStyle fontFamily="Times New Roman" fontSize="9.0"/>
                </Word>
                <Word id="w_w2aab1b3b4b9c15ab7" language="English" custom="readingOrder {index:1;}">
                    <Coords points="1018,1822 1152,1822 1152,1858 1018,1858"/>
                    <TextEquiv>
                        <Unicode>remitió</Unicode>
                    </TextEquiv>
                    <TextStyle fontFamily="Times New Roman" fontSize="9.0"/>
                </Word>
                <Word id="w_w2aab1b3b4b9c15ac23" language="English" custom="readingOrder {index:2;}">
                    <Coords points="1177,1832 1240,1832 1240,1857 1177,1857"/>
                    <TextEquiv>
                        <Unicode>con</Unicode>
                    </TextEquiv>
                    <TextStyle fontFamily="Times New Roman" fontSize="9.0"/>
                </Word>
                <Word id="w_w2aab1b3b4b9c15ac31" language="English" custom="readingOrder {index:3;}">
                    <Coords points="1255,1822 1351,1822 1351,1863 1255,1863"/>
                    <TextEquiv>
                        <Unicode>sigilo</Unicode>
                    </TextEquiv>
                    <TextStyle fontFamily="Times New Roman" fontSize="9.0"/>
                </Word>
                <TextEquiv>
                    <Unicode>le remitió con sigilo</Unicode>
                </TextEquiv>
                <TextStyle fontFamily="Times New Roman" fontSize="9.0"/>
            </TextLine>
            <TextLine id="tl_89" primaryLanguage="English" custom="readingOrder {index:8;}">
                <Coords points="966,1864 1441,1864 1441,1912 966,1912"/>
                <Baseline points="966,1901 1052,1901 1262,1904 1441,1897"/>
                <Word id="w_w2aab1b3b4b9c17ab1" language="English" custom="readingOrder {index:0;}">
                    <Coords points="966,1877 1052,1877 1052,1901 966,1901"/>
                    <TextEquiv>
                        <Unicode>unos</Unicode>
                    </TextEquiv>
                    <TextStyle fontFamily="Times New Roman" fontSize="9.0"/>
                </Word>
                <Word id="w_w2aab1b3b4b9c17ac11" language="English" custom="readingOrder {index:1;}">
                    <Coords points="1068,1868 1262,1868 1262,1910 1068,1910"/>
                    <TextEquiv>
                        <Unicode>renglones,</Unicode>
                    </TextEquiv>
                    <TextStyle fontFamily="Times New Roman" fontSize="9.0"/>
                </Word>
                <Word id="w_w2aab1b3b4b9c17ac33" language="English" custom="readingOrder {index:2;}">
                    <Coords points="1284,1865 1441,1865 1441,1899 1284,1899"/>
                    <TextEquiv>
                        <Unicode>Gualtero</Unicode>
                    </TextEquiv>
                    <TextStyle fontFamily="Times New Roman" fontSize="9.0"/>
                </Word>
                <TextEquiv>
                    <Unicode>unos renglones, Gualtero</Unicode>
                </TextEquiv>
                <TextStyle fontFamily="Times New Roman" fontSize="9.0"/>
            </TextLine>
            <TextLine id="tl_90" primaryLanguage="English" custom="readingOrder {index:9;}">
                <Coords points="968,1905 1415,1905 1415,1957 968,1957"/>
                <Baseline points="968,1945 988,1945 1171,1948 1265,1944 1415,1942"/>
                <Word id="w_w2aab1b3b4b9c19ab1" language="English" custom="readingOrder {index:0;}">
                    <Coords points="968,1911 988,1911 988,1945 968,1945"/>
                    <TextEquiv>
                        <Unicode>á</Unicode>
                    </TextEquiv>
                    <TextStyle fontFamily="Times New Roman" fontSize="9.0"/>
                </Word>
                <Word id="w_w2aab1b3b4b9c19ab5" language="English" custom="readingOrder {index:1;}">
                    <Coords points="1023,1912 1171,1912 1171,1948 1023,1948"/>
                    <TextEquiv>
                        <Unicode>Panicio,</Unicode>
                    </TextEquiv>
                    <TextStyle fontFamily="Times New Roman" fontSize="9.0"/>
                </Word>
                <Word id="w_w2aab1b3b4b9c19ac23" language="English" custom="readingOrder {index:2;}">
                    <Coords points="1198,1920 1265,1920 1265,1954 1198,1954"/>
                    <TextEquiv>
                        <Unicode>que</Unicode>
                    </TextEquiv>
                    <TextStyle fontFamily="Times New Roman" fontSize="9.0"/>
                </Word>
                <Word id="w_w2aab1b3b4b9c19ac31" language="English" custom="readingOrder {index:3;}">
                    <Coords points="1289,1910 1415,1910 1415,1943 1289,1943"/>
                    <TextEquiv>
                        <Unicode>llevase</Unicode>
                    </TextEquiv>
                    <TextStyle fontFamily="Times New Roman" fontSize="9.0"/>
                </Word>
                <TextEquiv>
                    <Unicode>á Panicio, que llevase</Unicode>
                </TextEquiv>
                <TextStyle fontFamily="Times New Roman" fontSize="9.0"/>
            </TextLine>
            <TextLine id="tl_91" primaryLanguage="English" custom="readingOrder {index:10;}">
                <Coords points="968,1951 1461,1951 1461,2001 968,2001"/>
                <Baseline points="968,1988 1025,1989 1100,1989 1204,1988 1250,1988 1461,1989"/>
                <Word id="w_w2aab1b3b4b9c21ab1" language="English" custom="readingOrder {index:0;}">
                    <Coords points="968,1965 1025,1965 1025,1989 968,1989"/>
                    <TextEquiv>
                        <Unicode>sus</Unicode>
                    </TextEquiv>
                    <TextStyle fontFamily="Times New Roman" fontSize="9.0"/>
                </Word>
                <Word id="w_w2aab1b3b4b9c21ab9" language="English" custom="readingOrder {index:1;}">
                    <Coords points="1042,1957 1100,1957 1100,1989 1042,1989"/>
                    <TextEquiv>
                        <Unicode>dos</Unicode>
                    </TextEquiv>
                    <TextStyle fontFamily="Times New Roman" fontSize="9.0"/>
                </Word>
                <Word id="w_w2aab1b3b4b9c21ac17" language="English" custom="readingOrder {index:2;}">
                    <Coords points="1120,1956 1204,1956 1204,1998 1120,1998"/>
                    <TextEquiv>
                        <Unicode>hijos</Unicode>
                    </TextEquiv>
                    <TextStyle fontFamily="Times New Roman" fontSize="9.0"/>
                </Word>
                <Word id="w_w2aab1b3b4b9c21ac29" language="English" custom="readingOrder {index:3;}">
                    <Coords points="1220,1956 1250,1956 1250,1988 1220,1988"/>
                    <TextEquiv>
                        <Unicode>al</Unicode>
                    </TextEquiv>
                    <TextStyle fontFamily="Times New Roman" fontSize="9.0"/>
                </Word>
                <Word id="w_w2aab1b3b4b9c21ac35" language="English" custom="readingOrder {index:4;}">
                    <Coords points="1276,1955 1461,1955 1461,1989 1276,1989"/>
                    <TextEquiv>
                        <Unicode>momento,</Unicode>
                    </TextEquiv>
                    <TextStyle fontFamily="Times New Roman" fontSize="9.0"/>
                </Word>
                <TextEquiv>
                    <Unicode>sus dos hijos al momento,</Unicode>
                </TextEquiv>
                <TextStyle fontFamily="Times New Roman" fontSize="9.0"/>
            </TextLine>
            <TextLine id="tl_92" primaryLanguage="English" custom="readingOrder {index:11;}">
                <Coords points="967,1996 1373,1996 1373,2045 967,2045"/>
                <Baseline points="968,2033 1153,2032 1212,2032 1281,2032 1373,2034"/>
                <Word id="w_w2aab1b3b4b9c23ab1" language="English" custom="readingOrder {index:0;}">
                    <Coords points="968,2001 1153,2001 1153,2034 968,2034"/>
                    <TextEquiv>
                        <Unicode>señalando</Unicode>
                    </TextEquiv>
                    <TextStyle fontFamily="Times New Roman" fontSize="9.0"/>
                </Word>
                <Word id="w_w2aab1b3b4b9c23ac21" language="English" custom="readingOrder {index:1;}">
                    <Coords points="1180,2000 1212,2000 1212,2033 1180,2033"/>
                    <TextEquiv>
                        <Unicode>el</Unicode>
                    </TextEquiv>
                    <TextStyle fontFamily="Times New Roman" fontSize="9.0"/>
                </Word>
                <Word id="w_w2aab1b3b4b9c23ac27" language="English" custom="readingOrder {index:2;}">
                    <Coords points="1228,1999 1281,1999 1281,2032 1228,2032"/>
                    <TextEquiv>
                        <Unicode>dia</Unicode>
                    </TextEquiv>
                    <TextStyle fontFamily="Times New Roman" fontSize="9.0"/>
                </Word>
                <Word id="w_w2aab1b3b4b9c23ac35" language="English" custom="readingOrder {index:3;}">
                    <Coords points="1304,1998 1373,1998 1373,2040 1304,2040"/>
                    <TextEquiv>
                        <Unicode>fijo,</Unicode>
                    </TextEquiv>
                    <TextStyle fontFamily="Times New Roman" fontSize="9.0"/>
                </Word>
                <TextEquiv>
                    <Unicode>señalando el dia fijo,</Unicode>
                </TextEquiv>
                <TextStyle fontFamily="Times New Roman" fontSize="9.0"/>
            </TextLine>
            <TextLine id="tl_93" primaryLanguage="English" custom="readingOrder {index:12;}">
                <Coords points="968,2038 1501,2038 1501,2089 968,2089"/>
                <Baseline points="968,2086 1032,2077 1157,2078 1280,2076 1341,2075 1501,2073"/>
                <Word id="w_w2aab1b3b4b9c25ab1" language="English" custom="readingOrder {index:0;}">
                    <Coords points="968,2053 1032,2053 1032,2086 968,2086"/>
                    <TextEquiv>
                        <Unicode>por</Unicode>
                    </TextEquiv>
                    <TextStyle fontFamily="Times New Roman" fontSize="9.0"/>
                </Word>
                <Word id="w_w2aab1b3b4b9c25ab9" language="English" custom="readingOrder {index:1;}">
                    <Coords points="1046,2045 1157,2045 1157,2087 1046,2087"/>
                    <TextEquiv>
                        <Unicode>lograr</Unicode>
                    </TextEquiv>
                    <TextStyle fontFamily="Times New Roman" fontSize="9.0"/>
                </Word>
                <Word id="w_w2aab1b3b4b9c25ac23" language="English" custom="readingOrder {index:2;}">
                    <Coords points="1173,2043 1280,2043 1280,2085 1173,2085"/>
                    <TextEquiv>
                        <Unicode>mejor</Unicode>
                    </TextEquiv>
                    <TextStyle fontFamily="Times New Roman" fontSize="9.0"/>
                </Word>
                <Word id="w_w2aab1b3b4b9c25ac35" language="English" custom="readingOrder {index:3;}">
                    <Coords points="1302,2052 1341,2052 1341,2075 1302,2075"/>
                    <TextEquiv>
                        <Unicode>su</Unicode>
                    </TextEquiv>
                    <TextStyle fontFamily="Times New Roman" fontSize="9.0"/>
                </Word>
                <Word id="w_w2aab1b3b4b9c25ac41" language="English" custom="readingOrder {index:4;}">
                    <Coords points="1355,2042 1501,2042 1501,2074 1355,2074"/>
                    <TextEquiv>
                        <Unicode>intento.</Unicode>
                    </TextEquiv>
                    <TextStyle fontFamily="Times New Roman" fontSize="9.0"/>
                </Word>
                <TextEquiv>
                    <Unicode>por lograr mejor su intento.</Unicode>
                </TextEquiv>
                <TextStyle fontFamily="Times New Roman" fontSize="9.0"/>
            </TextLine>
            <TextLine id="tl_94" primaryLanguage="English" custom="readingOrder {index:13;}">
                <Coords points="973,2082 1529,2082 1529,2135 973,2135"/>
                <Baseline points="973,2121 1037,2121 1110,2121 1183,2121 1204,2126 1266,2120 1326,2119 1529,2121"/>
                <Word id="w_w2aab1b3b4b9c27ab1" language="English" custom="readingOrder {index:0;}">
                    <Coords points="973,2090 1037,2090 1037,2122 973,2122"/>
                    <TextEquiv>
                        <Unicode>Por</Unicode>
                    </TextEquiv>
                    <TextStyle fontFamily="Times New Roman" fontSize="9.0"/>
                </Word>
                <Word id="w_w2aab1b3b4b9c27ab9" language="English" custom="readingOrder {index:1;}">
                    <Coords points="1065,2089 1110,2089 1110,2122 1065,2122"/>
                    <TextEquiv>
                        <Unicode>fin</Unicode>
                    </TextEquiv>
                    <TextStyle fontFamily="Times New Roman" fontSize="9.0"/>
                </Word>
                <Word id="w_w2aab1b3b4b9c27ac17" language="English" custom="readingOrder {index:2;}">
                    <Coords points="1137,2098 1183,2098 1183,2123 1137,2123"/>
                    <TextEquiv>
                        <Unicode>un</Unicode>
                    </TextEquiv>
                    <TextStyle fontFamily="Times New Roman" fontSize="9.0"/>
                </Word>
                <Word id="w_w2aab1b3b4b9c27ac27" language="English" custom="readingOrder {index:3;}">
                    <Coords points="1214,2088 1266,2088 1266,2121 1214,2121"/>
                    <TextEquiv>
                        <Unicode>dia</Unicode>
                    </TextEquiv>
                    <TextStyle fontFamily="Times New Roman" fontSize="9.0"/>
                </Word>
                <Word id="w_w2aab1b3b4b9c27ac35" language="English" custom="readingOrder {index:4;}">
                    <Coords points="1296,2087 1326,2087 1326,2120 1296,2120"/>
                    <TextEquiv>
                        <Unicode>el</Unicode>
                    </TextEquiv>
                    <TextStyle fontFamily="Times New Roman" fontSize="9.0"/>
                </Word>
                <Word id="w_w2aab1b3b4b9c27ac41" language="English" custom="readingOrder {index:5;}">
                    <Coords points="1357,2083 1529,2083 1529,2128 1357,2128"/>
                    <TextEquiv>
                        <Unicode>marqués,</Unicode>
                    </TextEquiv>
                    <TextStyle fontFamily="Times New Roman" fontSize="9.0"/>
                </Word>
                <TextEquiv>
                    <Unicode>Por fin un dia el marqués,</Unicode>
                </TextEquiv>
                <TextStyle fontFamily="Times New Roman" fontSize="9.0"/>
            </TextLine>
            <TextLine id="tl_95" primaryLanguage="English" custom="readingOrder {index:14;}">
                <Coords points="975,2128 1450,2128 1450,2177 975,2177"/>
                <Baseline points="976,2166 1116,2166 1222,2164 1269,2164 1450,2162"/>
                <Word id="w_w2aab1b3b4b9c29ab1" language="English" custom="readingOrder {index:0;}">
                    <Coords points="976,2134 1116,2134 1116,2166 976,2166"/>
                    <TextEquiv>
                        <Unicode>estando</Unicode>
                    </TextEquiv>
                    <TextStyle fontFamily="Times New Roman" fontSize="9.0"/>
                </Word>
                <Word id="w_w2aab1b3b4b9c29ac17" language="English" custom="readingOrder {index:1;}">
                    <Coords points="1144,2133 1222,2133 1222,2166 1144,2166"/>
                    <TextEquiv>
                        <Unicode>todo</Unicode>
                    </TextEquiv>
                    <TextStyle fontFamily="Times New Roman" fontSize="9.0"/>
                </Word>
                <Word id="w_w2aab1b3b4b9c29ac27" language="English" custom="readingOrder {index:2;}">
                    <Coords points="1238,2131 1269,2131 1269,2164 1238,2164"/>
                    <TextEquiv>
                        <Unicode>el</Unicode>
                    </TextEquiv>
                    <TextStyle fontFamily="Times New Roman" fontSize="9.0"/>
                </Word>
                <Word id="w_w2aab1b3b4b9c29ac33" language="English" custom="readingOrder {index:3;}">
                    <Coords points="1285,2138 1450,2138 1450,2172 1285,2172"/>
                    <TextEquiv>
                        <Unicode>congreso</Unicode>
                    </TextEquiv>
                    <TextStyle fontFamily="Times New Roman" fontSize="9.0"/>
                </Word>
                <TextEquiv>
                    <Unicode>estando todo el congreso</Unicode>
                </TextEquiv>
                <TextStyle fontFamily="Times New Roman" fontSize="9.0"/>
            </TextLine>
            <TextLine id="tl_96" primaryLanguage="English" custom="readingOrder {index:15;}">
                <Coords points="972,2171 1471,2171 1471,2220 972,2220"/>
                <Baseline points="972,2213 1181,2217 1283,2209 1471,2206"/>
                <Word id="w_w2aab1b3b4b9c31ab1" language="English" custom="readingOrder {index:0;}">
                    <Coords points="972,2176 1181,2176 1181,2217 972,2217"/>
                    <TextEquiv>
                        <Unicode>convocado,</Unicode>
                    </TextEquiv>
                    <TextStyle fontFamily="Times New Roman" fontSize="9.0"/>
                </Word>
                <Word id="w_w2aab1b3b4b9c31ac23" language="English" custom="readingOrder {index:1;}">
                    <Coords points="1208,2175 1283,2175 1283,2209 1208,2209"/>
                    <TextEquiv>
                        <Unicode>hizo</Unicode>
                    </TextEquiv>
                    <TextStyle fontFamily="Times New Roman" fontSize="9.0"/>
                </Word>
                <Word id="w_w2aab1b3b4b9c31ac33" language="English" custom="readingOrder {index:2;}">
                    <Coords points="1307,2175 1471,2175 1471,2208 1307,2208"/>
                    <TextEquiv>
                        <Unicode>llamasen</Unicode>
                    </TextEquiv>
                    <TextStyle fontFamily="Times New Roman" fontSize="9.0"/>
                </Word>
                <TextEquiv>
                    <Unicode>convocado, hizo llamasen</Unicode>
                </TextEquiv>
                <TextStyle fontFamily="Times New Roman" fontSize="9.0"/>
            </TextLine>
            <TextLine id="tl_97" primaryLanguage="English" custom="readingOrder {index:16;}">
                <Coords points="971,2215 1446,2215 1446,2266 971,2266"/>
                <Baseline points="971,2257 988,2257 1171,2261 1212,2263 1302,2253 1446,2256"/>
                <Word id="w_w2aab1b3b4b9c33ab1" language="English" custom="readingOrder {index:0;}">
                    <Coords points="971,2224 988,2224 988,2257 971,2257"/>
                    <TextEquiv>
                        <Unicode>á</Unicode>
                    </TextEquiv>
                    <TextStyle fontFamily="Times New Roman" fontSize="9.0"/>
                </Word>
                <Word id="w_w2aab1b3b4b9c33ab5" language="English" custom="readingOrder {index:1;}">
                    <Coords points="1009,2221 1171,2221 1171,2261 1009,2261"/>
                    <TextEquiv>
                        <Unicode>Griselda,</Unicode>
                    </TextEquiv>
                    <TextStyle fontFamily="Times New Roman" fontSize="9.0"/>
                </Word>
                <Word id="w_w2aab1b3b4b9c33ac25" language="English" custom="readingOrder {index:2;}">
                    <Coords points="1193,2230 1212,2230 1212,2263 1193,2263"/>
                    <TextEquiv>
                        <Unicode>y</Unicode>
                    </TextEquiv>
                    <TextStyle fontFamily="Times New Roman" fontSize="9.0"/>
                </Word>
                <Word id="w_w2aab1b3b4b9c33ac29" language="English" custom="readingOrder {index:3;}">
                    <Coords points="1239,2229 1302,2229 1302,2254 1239,2254"/>
                    <TextEquiv>
                        <Unicode>con</Unicode>
                    </TextEquiv>
                    <TextStyle fontFamily="Times New Roman" fontSize="9.0"/>
                </Word>
                <Word id="w_w2aab1b3b4b9c33ac37" language="English" custom="readingOrder {index:4;}">
                    <Coords points="1316,2227 1446,2227 1446,2256 1316,2256"/>
                    <TextEquiv>
                        <Unicode>severo,</Unicode>
                    </TextEquiv>
                    <TextStyle fontFamily="Times New Roman" fontSize="9.0"/>
                </Word>
                <TextEquiv>
                    <Unicode>á Griselda, y con severo,</Unicode>
                </TextEquiv>
                <TextStyle fontFamily="Times New Roman" fontSize="9.0"/>
            </TextLine>
            <TextLine id="tl_98" primaryLanguage="English" custom="readingOrder {index:17;}">
                <Coords points="971,2259 1512,2259 1512,2311 971,2311"/>
                <Baseline points="972,2300 1177,2306 1239,2297 1388,2296 1512,2296"/>
                <Word id="w_w2aab1b3b4b9c35ab1" language="English" custom="readingOrder {index:0;}">
                    <Coords points="972,2266 1177,2266 1177,2306 972,2306"/>
                    <TextEquiv>
                        <Unicode>semblante,</Unicode>
                    </TextEquiv>
                    <TextStyle fontFamily="Times New Roman" fontSize="9.0"/>
                </Word>
                <Word id="w_w2aab1b3b4b9c35ac23" language="English" custom="readingOrder {index:1;}">
                    <Coords points="1198,2264 1239,2264 1239,2298 1198,2298"/>
                    <TextEquiv>
                        <Unicode>de</Unicode>
                    </TextEquiv>
                    <TextStyle fontFamily="Times New Roman" fontSize="9.0"/>
                </Word>
                <Word id="w_w2aab1b3b4b9c35ac29" language="English" custom="readingOrder {index:2;}">
                    <Coords points="1253,2266 1388,2266 1388,2307 1253,2307"/>
                    <TextEquiv>
                        <Unicode>aquesta</Unicode>
                    </TextEquiv>
                    <TextStyle fontFamily="Times New Roman" fontSize="9.0"/>
                </Word>
                <Word id="w_w2aab1b3b4b9c35ac45" language="English" custom="readingOrder {index:3;}">
                    <Coords points="1404,2263 1512,2263 1512,2296 1404,2296"/>
                    <TextEquiv>
                        <Unicode>forma</Unicode>
                    </TextEquiv>
                    <TextStyle fontFamily="Times New Roman" fontSize="9.0"/>
                </Word>
                <TextEquiv>
                    <Unicode>semblante, de aquesta forma</Unicode>
                </TextEquiv>
                <TextStyle fontFamily="Times New Roman" fontSize="9.0"/>
            </TextLine>
            <TextLine id="tl_99" primaryLanguage="English" custom="readingOrder {index:18;}">
                <Coords points="973,2305 1464,2305 1464,2355 973,2355"/>
                <Baseline points="973,2345 1006,2346 1105,2343 1230,2343 1317,2341 1464,2346"/>
                <Word id="w_w2aab1b3b4b9c37ab1" language="English" custom="readingOrder {index:0;}">
                    <Coords points="973,2312 1006,2312 1006,2346 973,2346"/>
                    <TextEquiv>
                        <Unicode>le</Unicode>
                    </TextEquiv>
                    <TextStyle fontFamily="Times New Roman" fontSize="9.0"/>
                </Word>
                <Word id="w_w2aab1b3b4b9c37ab7" language="English" custom="readingOrder {index:1;}">
                    <Coords points="1026,2311 1105,2311 1105,2353 1026,2353"/>
                    <TextEquiv>
                        <Unicode>dijo:</Unicode>
                    </TextEquiv>
                    <TextStyle fontFamily="Times New Roman" fontSize="9.0"/>
                </Word>
                <Word id="w_w2aab1b3b4b9c37ac19" language="English" custom="readingOrder {index:2;}">
                    <Coords points="1127,2308 1230,2308 1230,2345 1127,2345"/>
                    <TextEquiv>
                        <Unicode>tened</Unicode>
                    </TextEquiv>
                    <TextStyle fontFamily="Times New Roman" fontSize="9.0"/>
                </Word>
                <Word id="w_w2aab1b3b4b9c37ac31" language="English" custom="readingOrder {index:3;}">
                    <Coords points="1258,2318 1317,2318 1317,2351 1258,2351"/>
                    <TextEquiv>
                        <Unicode>per</Unicode>
                    </TextEquiv>
                    <TextStyle fontFamily="Times New Roman" fontSize="9.0"/>
                </Word>
                <Word id="w_w2aab1b3b4b9c37ac39" language="English" custom="readingOrder {index:4;}">
                    <Coords points="1345,2306 1464,2306 1464,2346 1345,2346"/>
                    <TextEquiv>
                        <Unicode>cierto,</Unicode>
                    </TextEquiv>
                    <TextStyle fontFamily="Times New Roman" fontSize="9.0"/>
                </Word>
                <TextEquiv>
                    <Unicode>le dijo: tened per cierto,</Unicode>
                </TextEquiv>
                <TextStyle fontFamily="Times New Roman" fontSize="9.0"/>
            </TextLine>
            <TextLine id="tl_100" primaryLanguage="English" custom="readingOrder {index:19;}">
                <Coords points="974,2350 1470,2350 1470,2400 974,2400"/>
                <Baseline points="974,2389 1090,2388 1189,2393 1268,2386 1314,2385 1470,2384"/>
                <Word id="w_w2aab1b3b4b9c39ab1" language="English" custom="readingOrder {index:0;}">
                    <Coords points="974,2364 1090,2364 1090,2397 974,2397"/>
                    <TextEquiv>
                        <Unicode>esposa</Unicode>
                    </TextEquiv>
                    <TextStyle fontFamily="Times New Roman" fontSize="9.0"/>
                </Word>
                <Word id="w_w2aab1b3b4b9c39ac15" language="English" custom="readingOrder {index:1;}">
                    <Coords points="1110,2355 1189,2355 1189,2393 1110,2393"/>
                    <TextEquiv>
                        <Unicode>mia,</Unicode>
                    </TextEquiv>
                    <TextStyle fontFamily="Times New Roman" fontSize="9.0"/>
                </Word>
                <Word id="w_w2aab1b3b4b9c39ac25" language="English" custom="readingOrder {index:2;}">
                    <Coords points="1204,2362 1268,2362 1268,2397 1204,2397"/>
                    <TextEquiv>
                        <Unicode>que</Unicode>
                    </TextEquiv>
                    <TextStyle fontFamily="Times New Roman" fontSize="9.0"/>
                </Word>
                <Word id="w_w2aab1b3b4b9c39ac33" language="English" custom="readingOrder {index:3;}">
                    <Coords points="1283,2352 1314,2352 1314,2387 1283,2387"/>
                    <TextEquiv>
                        <Unicode>el</Unicode>
                    </TextEquiv>
                    <TextStyle fontFamily="Times New Roman" fontSize="9.0"/>
                </Word>
                <Word id="w_w2aab1b3b4b9c39ac39" language="English" custom="readingOrder {index:4;}">
                    <Coords points="1343,2351 1470,2351 1470,2386 1343,2386"/>
                    <TextEquiv>
                        <Unicode>mundo</Unicode>
                    </TextEquiv>
                    <TextStyle fontFamily="Times New Roman" fontSize="9.0"/>
                </Word>
                <TextEquiv>
                    <Unicode>esposa mia, que el mundo</Unicode>
                </TextEquiv>
                <TextStyle fontFamily="Times New Roman" fontSize="9.0"/>
            </TextLine>
            <TextLine id="tl_101" primaryLanguage="English" custom="readingOrder {index:20;}">
                <Coords points="974,2393 1493,2393 1493,2445 974,2445"/>
                <Baseline points="974,2434 1015,2436 1176,2434 1336,2435 1418,2430 1493,2429"/>
                <Word id="w_w2aab1b3b4b9c41ab1" language="English" custom="readingOrder {index:0;}">
                    <Coords points="974,2401 1015,2401 1015,2436 974,2436"/>
                    <TextEquiv>
                        <Unicode>dá</Unicode>
                    </TextEquiv>
                    <TextStyle fontFamily="Times New Roman" fontSize="9.0"/>
                </Word>
                <Word id="w_w2aab1b3b4b9c41ab7" language="English" custom="readingOrder {index:1;}">
                    <Coords points="1036,2400 1176,2400 1176,2436 1036,2436"/>
                    <TextEquiv>
                        <Unicode>muchas</Unicode>
                    </TextEquiv>
                    <TextStyle fontFamily="Times New Roman" fontSize="9.0"/>
                </Word>
                <Word id="w_w2aab1b3b4b9c41ac21" language="English" custom="readingOrder {index:2;}">
                    <Coords points="1194,2398 1336,2398 1336,2435 1194,2435"/>
                    <TextEquiv>
                        <Unicode>vueltas;</Unicode>
                    </TextEquiv>
                    <TextStyle fontFamily="Times New Roman" fontSize="9.0"/>
                </Word>
                <Word id="w_w2aab1b3b4b9c41ac39" language="English" custom="readingOrder {index:3;}">
                    <Coords points="1357,2405 1418,2405 1418,2439 1357,2439"/>
                    <TextEquiv>
                        <Unicode>por</Unicode>
                    </TextEquiv>
                    <TextStyle fontFamily="Times New Roman" fontSize="9.0"/>
                </Word>
                <Word id="w_w2aab1b3b4b9c41ac47" language="English" custom="readingOrder {index:4;}">
                    <Coords points="1435,2405 1493,2405 1493,2430 1435,2430"/>
                    <TextEquiv>
                        <Unicode>eso</Unicode>
                    </TextEquiv>
                    <TextStyle fontFamily="Times New Roman" fontSize="9.0"/>
                </Word>
                <TextEquiv>
                    <Unicode>dá muchas vueltas; por eso</Unicode>
                </TextEquiv>
                <TextStyle fontFamily="Times New Roman" fontSize="9.0"/>
            </TextLine>
            <TextEquiv>
                <Unicode>el Pontifice supremo,&#13;
casáse el marqués con otra.&#13;
Tales noticias corriendo,&#13;
empezóse á divulgar,&#13;
y se prefijaba el tiempo,&#13;
cuando vendria la novia&#13;
del marqués, y con acuerdo&#13;
le remitió con sigilo&#13;
unos renglones, Gualtero&#13;
á Panicio, que llevase&#13;
sus dos hijos al momento,&#13;
señalando el dia fijo,&#13;
por lograr mejor su intento.&#13;
Por fin un dia el marqués,&#13;
estando todo el congreso&#13;
convocado, hizo llamasen&#13;
á Griselda, y con severo,&#13;
semblante, de aquesta forma&#13;
le dijo: tened per cierto,&#13;
esposa mia, que el mundo&#13;
dá muchas vueltas; por eso</Unicode>
            </TextEquiv>
        </TextRegion>
    </Page>
</PcGts>
