1737 2508
1230 310 1504 351 Número 147.
391 1239 1247 1284 TROVOS MODERNOS
415 1325 1427 1373 POR LOS QUE MANIFIESTA UN GALAN A SU DAMA
619 1416 1226 1459 EL MUCHO AMOR QUE LE TIENE.
211 1543 1633 1596 CON OTROS MUY CURIOSOS.
611 1697 1037 1732 Del árbol del paraiso
569 1742 1032 1779 he de cojer nueve hojas,
573 1786 1011 1820 tres Anas y tres Marias
567 1828 1008 1866 tres Isabeles preciosas.
249 1915 648 1954 Hermosisimo lucero,
212 1961 621 1996 no te puedo merecer,
219 2002 649 2039 porque el padre que te hizo
219 2047 641 2082 tiene la gracia y poder
218 2090 615 2124 del árbol. del paraiso.
257 2135 756 2171 A mi me mandan que coja
210 2176 663 2212 del jardin la mejor flor,
214 2221 740 2259 tengo de ir de hoja en hoja,
215 2264 754 2301 y por complacer á mi amor
212 2310 690 2346 he de cojer nueve hojas.
990 1921 1511 1956 Quisiera ser rey de Hungría
983 1964 1302 2001 y poderte merecer,
940 2009 1304 2042 que yo te bautizaria
948 2051 1290 2086 y volveria á poner
944 2095 1390 2130 tres Anas y tres Marias.
979 2140 1482 2177 Por Dios te pido, grociosa,
940 2184 1418 2222 que me tengas voluntad,
937 2228 1350 2263 te regalare tres cosas,
948 2271 1372 2307 te daré un fino collar,
941 2316 1353 2349 tres Isabeles preciosas.
