1737 2508
699 244 1124 287 LOS PAYOS ASTUTOS
1504 239 1514 272 7
255 298 741 336 me acomoda el escucharlos.
216 335 837 378 Agued. Aun mijor me ocurre á mi:
254 376 778 416 Yo le tendré en otro cuarto
253 418 639 455 al novio dicho y uste,
259 457 675 495 voz de mozo fegurando,
258 498 665 534 os habeis de fingir él
260 539 475 575 con mi ama.
213 577 613 615 Jorg. ¿Eres el díablo?
257 617 649 653 No ves que pueden...
219 659 484 695 Agued. Chitito;
263 695 679 734 quedaos aquí, canviaros
260 729 902 773 voy la novia. No le espera Ap.
261 769 899 810 al tal Don Jorge mal chasco Vese.
224 812 780 854 Jorg. Habrá dianche de muger.
260 851 787 893 No tiene mas; me ha dejado
266 891 735 933 solo, y á obscuras. Al fin
268 934 743 972 quiero dívertirme un rato,
270 971 657 1010 y saber cuatro cosillas
266 1012 693 1050 de aquestos enamorados:
272 1053 685 1090 ya creo viene la novia,
271 1091 709 1133 que cerca percibo pasos.
453 1130 683 1165 Sale Lazaro.
230 1168 912 1210 Laz. Con lo Cagueda ma icho, Ap.
271 1208 835 1247 voy á emprender un buen paso
272 1254 496 1288 con este tio.
233 1293 501 1328 Jorg. Ya llega:
277 1330 774 1367 La voz, y amores finjamos.
231 1368 766 1409 Laz. ¿Has venido, dueño mio?
240 1407 795 1448 Jorg. Aquí estoy, bien adorado.
235 1447 803 1487 Laz. ¿Sabes como al otro novio
276 1487 711 1524 ya calabazas le he dao?
243 1529 555 1564 Jorg. ¿Y por qué?
239 1568 568 1605 Laz. Porque su tio
280 1607 775 1643 tiene el alma de un Gitano,
282 1647 717 1682 desciende de Verduleros,
282 1686 746 1722 tiene asma, y es quebrao.
242 1726 771 1764 Jorg. ¡Habrá infame! Acércate,
288 1765 665 1803 deja siquiera al olfato
287 1805 713 1844 gozar tu amable belleza.
246 1842 864 1883 Laz. ¿Eres de fiar? porque estamos
286 1886 667 1920 á escuras; y ya se ve,
288 1922 803 1959 suele hacer lo mas el diablo.
255 1964 793 2001 Jorg. Dame á tentar un dedito,
288 2005 644 2039 bello serafin amado.
253 2042 927 2080 Laz, Tómale. Dásele.
250 2084 603 2120 Jorg. ¡Qué suavidad
296 2126 434 2158 de cutis?
248 2158 921 2200 Laz. Y es como un cardo. Ap
255 2201 799 2238 Jorg. Mi bien hueles á grasuna.
257 2241 784 2278 Laz. Es la pomada de macho
290 2281 792 2317 con que me doy en el pelo.
297 2322 716 2356 ¿Sabes que se mantojao
298 2365 462 2396 una cosa?
257 2402 663 2441 Jorg. Di, ¿y que cosa:
938 283 1485 322 Laz. Darte dos ó tres bocados.
943 321 1379 360 lorg. Muger, suelta; ¡Ay!
952 362 1591 400 Sale Don Judas con baston dando
1223 405 1317 437 palos.
932 445 1218 479 Jud. Zape aquí.
975 484 1327 523 ¿Qué ruido es este?
933 516 1624 559 Laz. ¡Mi amo! Ap.
982 565 1244 598 Quiero escapar,
939 603 1227 639 Jud. Gente vino.
975 637 1460 679 Aquí hay una arca,  levanto
987 678 1452 717 la tapa, y éntrome en ella
977 717 1474 756 mientras pasa este nublado.
941 760 1554 798 Jud. ¿No responde? Quien es díga,
980 800 1426 836 ó le rebiento de un palo.
990 835 1620 875 Mas, ya te agarré. Se agarran.
946 876 1622 916 Laz. Ahora es ello. Ap.
947 918 1495 956 Jud. Di quien eres, ó te mato.
947 959 1505 997 Laz. Soy vuestra criada, señor,
992 998 1392 1036 que de usted enamorao
991 1039 1391 1075 aguardaba esta ocasion
996 1079 1424 1114 para daros cien abrazos.
952 1117 1508 1154 Jua. Suelta, muchacha, que ya
990 1157 1483 1194 no estan para eso mis años.
958 1199 1300 1234 Laz. Dejaos querer.
960 1239 1243 1274 Jud. Un cuerno:
991 1276 1523 1317 ¿Quieres armarme así un lazo,
1000 1315 1431 1351 y hacerme casar mañana
996 1355 1529 1391 por fuerza? Luces, muchachos.
995 1394 1557 1431 Salen Rufina, y Agueda con luz.
963 1435 1473 1472 Agued. ¿Que es esto, Señor?
957 1476 1220 1512 Jud. ¡Que veo!
1008 1514 1499 1551 ¡Con que tu eras, bribonazo,
1006 1552 1583 1591 quien me enamoraba á obscuras,
1006 1594 1428 1629 y daba besos y abrazos?
972 1630 1564 1672 Laz. Ahí verá usted si le quiero.
962 1673 1500 1710 Jud. Yo te lo pagaré á palos.
968 1711 1557 1749 Ruf. ¿Pero que ha pasado, padre?
968 1751 1479 1790 Jud. Enredos de este malvado:
1007 1790 1548 1829 ¿No me requebraba á obscuras?
965 1830 1573 1869 Agued. Si es un simplote: dejadlo,
1006 1872 1390 1906 y vuelvan ustedes dos
999 1911 1392 1946 á desfrutar del sarao.
976 1951 1365 1988 Ruf. Dice bien, Padre.
968 1990 1649 2027 Jorg. Achi, achi, Estornuda en el arca.
972 2030 1537 2068 Jud. Sin duda han estornudado
1016 2072 1298 2106 dentro del arca.
979 2107 1651 2148 Laz. ¿A que está Ap.
1018 2149 1489 2185 Don Jorge en ella zampao?
980 2191 1361 2228 Jud. Abridla, miradla,
983 2233 1213 2267 Agued. ¿Aquí
1018 2268 1524 2307 quién puede haberse ocultao.
1119 2309 1517 2343 Le abren y sale Jorge.
979 2345 1649 2387 Jorg. Yo soy: no hay de que asustarse.
982 2387 1601 2429 Jud. ¿Y que haces aqui, Escribano
