1289 1751
751 151 979 207 (Núm. 105.)
297 230 800 287 ENTREMES

70 338 196 407 LA
271 343 1021 434 REQUISITORIA

229 476 405 531 DEL
438 477 856 537 BORRICO.

71 630 220 663 Alcalde.

71 675 264 709 Escribano.

417 657 436 689 2
455 657 655 700 Alguaciles.
739 641 891 675 hombre.

740 687 865 728 Muger.

273 754 380 788 Salen
405 755 559 789 Alcalde
583 758 603 791 y
624 758 815 794 Escribano.

66 869 145 902 Esc.
203 860 394 905 Acicálele,
410 868 552 906 alcalde,
569 869 636 906 oid,
657 878 701 901 no
717 871 801 903 seáis
816 871 963 914 esquivo.

67 915 140 946 Ale.
199 913 246 945 No
262 921 317 944 me
332 912 373 944 ha
394 913 435 945 de
453 913 583 955 quedar
602 914 666 955 hoy
685 916 809 956 pollino
824 916 910 949 vivo.

75 957 150 991 Esc.
205 958 290 990 Pues
309 956 436 999 porqué
460 958 527 989 han
548 958 588 991 de
610 959 730 992 morir?
751 960 821 1003 Qué
838 961 1021 1005 majadero!

202 1002 249 1033 No
267 1000 375 1034 daréis
395 1002 425 1033 la
447 1004 566 1034 razón?

68 1046 140 1078 Ale.
199 1047 328 1087 Porque
348 1054 387 1086 yo
403 1045 531 1086 quiero.

69 1091 143 1122 Esc.
202 1090 265 1121 Por
286 1088 351 1131 qué
374 1089 508 1131 quieres
523 1091 694 1124 matallos?

69 1134 143 1166 Ale.
202 1134 249 1166 No
265 1134 313 1166 los
335 1133 451 1175 quiero
467 1137 587 1167 matar.

69 1179 143 1211 Esc.
203 1179 289 1210 Pues
304 1176 384 1220 qué?

70 1222 142 1254 Ale.
202 1221 406 1255 Ahorcados.

70 1266 146 1298 Esc.
205 1265 243 1298 Se
265 1264 393 1307 seguirá
416 1273 498 1307 gran
519 1266 603 1300 daño
623 1266 642 1299 á
657 1267 706 1300 los
721 1267 870 1304 vecinos.

69 1310 141 1343 Ale.
201 1310 240 1342 Es
261 1319 326 1352 que
341 1310 402 1351 hay
422 1319 463 1343 en
479 1311 510 1343 el
529 1312 626 1352 lugar
646 1312 788 1346 muchos
802 1315 955 1356 pollinos.

203 1354 270 1387 Con
290 1364 359 1388 uno
379 1354 432 1386 ahi
448 1355 490 1388 he
511 1355 625 1388 tenido
645 1366 711 1389 una
728 1359 928 1399 pendencia,

202 1408 268 1440 que
288 1398 306 1431 á
324 1408 365 1432 no
380 1398 542 1432 hallarme
561 1400 688 1433 vestido
704 1402 745 1434 de
760 1404 957 1444 prudencia,

203 1452 221 1484 y
236 1452 294 1475 ver
313 1453 378 1485 que
394 1452 450 1475 era
465 1453 512 1476 un
527 1444 659 1477 borrico
680 1446 725 1479 vil
747 1457 764 1488 y
778 1448 868 1490 bajo,

202 1495 264 1519 nos
283 1488 371 1530 pudo
387 1488 528 1521 suceder
543 1489 598 1521 alli
612 1498 659 1521 un
679 1491 820 1534 trabajo.

71 1531 146 1564 Esc.
209 1532 276 1564 Con
297 1534 371 1565 cual
387 1533 417 1565 el
437 1532 536 1575 pleito
552 1534 621 1570 fue,
638 1534 734 1567 saber
749 1545 878 1581 espero.

71 1576 143 1607 Ale.
201 1575 261 1608 Ahi
283 1577 338 1608 fue
354 1586 418 1609 con
433 1578 464 1609 el
478 1577 580 1610 burro
596 1578 649 1610 del
668 1579 823 1614 Barbero.

70 1619 146 1652 Esc.
207 1621 252 1661 Ay
268 1622 374 1653 Jesús!
398 1621 500 1663 quien
516 1623 561 1653 tal
576 1621 660 1655 dice!
684 1623 784 1665 quien
800 1627 847 1658 tal
866 1627 992 1668 piensa!

205 1672 269 1697 con
285 1674 331 1698 un
347 1665 449 1698 burro
465 1674 512 1699 un
521 1666 648 1699 alcalde
663 1668 750 1702 anda
766 1678 807 1702 en
823 1671 1025 1712 pendencia?
