1752 2480
152 103 806 196 para tirarla; mas ella
153 174 631 248 no le dió lugar á tanto;
156 226 825 301 porque una parte de azero
145 279 662 341 le echó fuera los livianos.
153 326 647 399 Tres valientes Andaluces
155 360 834 444 desde alli la acompañaron.
150 425 696 495 hasta la Ciudad de Andujar
147 475 635 534 Sierra Morena pasando.
139 515 624 587 En el camino encontró
152 565 826 637 un hombre que iba llorando;
149 621 631 686 preguntóle su afliccion,
144 662 729 740 y él le dijo: me han robado,
141 712 661 785 muy poco trecho de aquí,
148 763 711 834 ciento y cincuenta ducados.
142 814 715 884 Lo que siento, no son mios,
132 875 721 927 y tambien me lian desnudado
145 922 700 980 ella preguntó: eran muchos
145 960 670 1027 esos que te han ultrajado?
135 1006 705 1107 Respondió: Señor, son tres,
130 1063 594 1125 y en el parecer Jitanos,
135 1102 538 1180 ella le dijo; pues vé
126 1154 557 1236 á ese lugar cercano,
128 1198 652 1273 y aguardeme alli dos dias,
132 1255 659 1318 y le dió un real de acuatro
132 1309 604 1370 para que se sustentase:
133 1350 659 1428 y ella por unos barrancos,
128 1404 635 1469 por entre pañas, y joyas,
127 1447 689 1543 á donde los ha encontrado,
124 1496 606 1570 les dice: ó amigos mios
118 1544 745 1613 por cierto que me he alegrado
132 1604 703 1684 de que he hallado compañía
124 1655 595 1718 porque vengo fatigado,
123 1691 628 1760 porque tres amigos mios
128 1740 718 1809 han preso, yo me he escapado.
128 1788 588 1864 Un Caballero ha salido
128 1842 590 1902 tan solo con su criado,
114 1882 681 1956 y trae mas de mil doblones,
114 1946 689 2031 porque lo supe en Almagro.
893 121 1480 224 Lo que conviene esta noche,
895 197 1415 276 es, que estemos desviados
890 246 1342 324 unos de otros, porque,
886 290 1574 401 podremos mas bien cercarlo.
883 343 1462 434 Con que al fin, se dividieron
877 389 1373 459 y ella á uno acogotando,
880 438 1443 537 se fué donde estaba el otro;
882 488 1412 583 y tambien lo ha degollado.
883 537 1376 628 y al otro le dió la muerte
881 588 1370 678 de un fuerte carabinazo,
879 633 1292 701 quitóles la cantidad,
880 675 1400 778 que al otro habian robado.
882 734 1308 800 A Villa Manrique fué,
882 776 1470 879 donde el dinero ha entregado
877 830 1319 919 al tal sugeto, y quedó
876 882 1299 947 agradecido del caso.
880 924 1365 1008 Volviéndose á Gibraltar,
874 982 1401 1069 donde mató al Escribano,
884 1027 1392 1097 por cuya causa fué presa,
884 1076 1395 1148 y al punto la sentenciaron
872 1134 1428 1202 á que muera en una horca:
875 1182 1551 1271 viendo el pleito mal parado;
878 1223 1367 1292 confesó, que era muger,
879 1268 1469 1364 y al Virrey cuenta le han dado.
870 1313 1332 1398 Envió cuatro mugeres;
865 1378 1347 1441 á donde la registraron,
865 1417 1362 1492 y viendo que era verdad,
860 1459 1409 1556 al punto la han perdonado,
862 1508 1394 1610 porque muchos Caballeros
869 1566 1354 1640 por empeño lo tomaron.
855 1612 1360 1689 En la gloriosa Santa Ana
857 1659 1320 1731 luego el habito le han dado;
856 1714 1345 1779 á donde sirviendo á Dios
862 1760 1383 1855 está con muchos aplausos.
854 1809 1347 1890 Esta es la vida, Señores,
854 1856 1383 1936 de Doña Teresa de Llanos,
852 1905 1392 1985 la que hizo tantas muertes,
844 1954 1527 2050 su honor continuo guardando.
825 2028 934 2119 FIN.
227 2176 1409 2291 CARMONA:—1861. Imprenta de D. José María Moreno,
