1765 2512
179 331 202 370 y
219 330 267 356 no
285 329 325 356 es
343 323 424 357 esto
443 316 480 357 lo
495 330 602 370 peor,

179 371 336 422 después
356 370 402 409 de
422 372 489 410 mis
509 383 624 419 penas
644 370 764 418 todas,

179 425 259 462 sino
279 421 351 474 qué
367 424 483 462 ahora
499 424 553 462 las
574 424 730 472 Damas,

180 489 253 526 que
267 476 392 514 vieron
412 477 497 515 bien
512 477 562 515 mi
582 476 778 523 deshonra,

179 541 240 567 me
258 540 378 580 pegan
398 542 471 568 una
486 535 666 577 matraca,

180 594 254 632 que
272 581 480 632 mejunden
498 582 553 620 las
569 581 791 628 chusconas,

179 634 301 672 donde
317 634 443 685 quiera
456 647 528 686 que
549 646 608 672 me
622 640 853 673 encuentran

180 699 220 725 se
239 686 345 725 dicen
367 699 458 725 unas
483 686 504 725 á
515 694 630 735 otras,

181 752 253 790 que
281 751 387 777 mozo
409 751 497 790 para
513 752 562 777 un
583 743 758 791 empeño,

180 791 215 830 ai
235 804 279 830 va
295 792 327 830 el
344 803 449 830 mozo
462 792 507 830 de
521 792 555 830 la
577 804 680 842 soga:

180 844 270 883 ellas
288 857 328 883 se
342 844 378 883 lo
398 844 470 883 han
486 844 597 883 dicho
617 844 638 883 á
656 845 778 894 todos,

180 909 228 935 no
247 897 341 937 anda
362 909 430 949 por
450 895 485 937 ai
500 904 582 937 otra
597 909 700 937 cosa:

903 317 937 356 el
955 323 1039 355 otro
1054 317 1113 356 dia
1134 330 1193 356 ine
1212 316 1287 369 dijo

903 369 923 408 á
939 370 1053 421 gritos
1073 370 1188 409 cierta
1208 370 1366 418 Señora,

903 435 1011 461 como
1030 422 1065 461 le
1086 421 1147 462 fué
1163 436 1208 462 en
1230 423 1264 462 el
1283 421 1504 462 Pelambre?

904 474 1058 527 Conque
1078 476 1174 514 llevo
1194 476 1316 514 buena
1333 475 1465 515 honra.

900 527 974 566 Por
994 535 1088 576 esto,
1111 527 1274 567 Señoras
1295 529 1397 576 mias,

898 580 953 619 les
972 581 1059 632 pido
1077 580 1101 619 á
1119 584 1269 620 ustedes
1284 583 1467 629 enforma,

903 646 975 685 que
995 646 1044 672 no
1060 646 1120 672 me
1139 632 1176 672 lo
1196 633 1305 685 digan
1322 646 1415 682 mas,

904 698 1046 737 porque
1065 687 1100 725 la
1119 698 1218 738 pena
1238 698 1298 725 me
1321 685 1455 739 ahoga,

904 751 976 790 que
996 752 1044 790 yo
1065 739 1119 777 les
1140 746 1310 790 prometo
1330 738 1351 777 á
1384 737 1543 786 ustedes,

902 804 951 829 no
971 792 1050 830 solo
1065 792 1084 830 á
1102 791 1264 839 ustedes,
1288 792 1308 830 á
1326 791 1444 838 todas,

902 845 949 883 de
963 856 1011 882 no
1033 844 1223 884 bolverme
1241 844 1263 882 á
1284 851 1399 882 meter

901 909 947 936 en
968 909 1088 948 cosas,
1112 910 1185 950 que
1197 910 1244 937 no
1265 910 1324 936 me
1345 897 1545 949 importan.

790 1420 993 1471 FIN
695 2169 1063 2209 CARMOiNA—1858.

250 2217 429 2267 Imprenta
450 2217 494 2257 de
513 2217 554 2256 D.
578 2216 609 2256 J.
633 2219 677 2258 M.
701 2220 858 2261 Moreno,
880 2220 972 2258 calle
988 2220 1075 2256 Juan
1095 2218 1139 2258 de
1158 2218 1191 2257 la
1213 2218 1323 2257 Cabra
1344 2217 1441 2256 núm.
1460 2217 1495 2255 4.
