1765 2512
96 252 315 290 Visitáronle
339 253 394 289 los
414 253 531 300 Reyes

97 311 164 338 con
186 305 357 338 contento
391 313 408 347 y
430 301 577 348 alegría,

94 360 118 395 y
150 350 184 386 al
206 350 292 385 niño
312 350 346 386 le
367 354 603 395 presentaron

96 397 131 432 el
152 407 227 438 oro,
253 397 284 433 el
306 397 469 433 incienso
492 408 509 442 y
525 397 627 432 mira.

95 444 320 491 Thyéndole
348 445 460 482 desde
477 445 509 481 el
529 444 676 489 templo,

98 505 140 530 se
161 494 214 530 les
230 493 354 539 perdió
378 504 395 539 y
416 504 481 529 con
505 493 627 538 fatiga,

97 553 163 579 sus
185 544 315 587 padres
337 553 406 588 que
427 542 460 578 le
485 541 682 580 buscaban,

98 593 119 626 á
148 590 355 636 cualquiera
392 601 460 635 que
488 590 605 629 veian,

98 639 134 675 le
157 639 420 685 preguntaban,
450 637 631 676 diciendo,

98 689 133 724 si
150 688 220 723 lian
238 689 333 723 visto
344 687 377 722 al
391 687 473 721 bien
491 686 534 721 de
551 696 593 720 su
611 684 706 720 vida,

100 737 200 774 linas
219 734 464 782 mugerespes
485 733 609 770 dieron

99 786 259 823 noticias
279 795 346 821 con
363 793 432 829 que
448 794 488 819 se
502 783 659 821 animan,

100 847 123 882 y
140 846 184 871 en
202 836 234 870 el
254 833 387 878 templo
404 832 436 866 le
453 834 705 870 encontraron,

103 893 174 931 que
207 884 236 918 la
258 881 440 916 Escritura
462 879 610 924 esponia

103 934 122 968 á
152 931 335 977 principes
356 940 375 975 y
404 928 585 969 doctores,

104 990 174 1017 con
197 983 294 1014 tanta
317 977 513 1017 sabiduría,

106 1038 177 1075 que
198 1028 218 1063 á
238 1025 466 1062 contradecir
487 1034 532 1060 no
560 1022 735 1062 aciertan,

104 1086 198 1123 pues
225 1072 465 1111 confundidos
498 1081 539 1108 se
559 1071 688 1108 miran.

105 1127 156 1161 Su
177 1122 410 1160 entretenido
441 1130 567 1157 recreo

105 1173 141 1210 le
163 1171 384 1210 encontraba
401 1169 488 1205 cada
510 1168 566 1203 dia

106 1231 173 1268 por
209 1220 263 1256 los
283 1219 388 1254 sitios
415 1216 616 1253 escusados

109 1281 154 1306 en
176 1269 209 1305 el
234 1267 333 1305 árbol
354 1266 399 1303 de
419 1265 452 1301 la
473 1265 566 1306 vida;

109 1328 179 1354 con
202 1317 256 1352 las
278 1324 406 1351 cruces
427 1312 663 1353 conversaba,

109 1377 132 1413 y
152 1366 198 1402 de
234 1367 311 1401 esta
334 1365 458 1399 suerte
478 1361 592 1402 decia;

111 1413 306 1451 dulcísima
328 1410 545 1455 semejanza,

111 1462 233 1499 donde
249 1462 298 1497 fin
327 1459 456 1496 tendrá
476 1457 525 1494 mi
546 1456 643 1498 vida,

111 1521 178 1557 por
197 1520 261 1546 eso
279 1519 319 1544 os
339 1508 469 1544 estimo
500 1509 617 1545 tanto,

112 1570 199 1596 cruz
213 1557 336 1594 amada
359 1567 378 1602 y
398 1565 482 1590 cruz
503 1552 669 1599 querida,

114 1618 184 1654 que
203 1617 260 1642 me
274 1605 340 1642 lias
361 1605 405 1640 de
427 1602 541 1638 servir
562 1603 606 1638 de
628 1600 745 1642 lecho,

114 1667 161 1692 en
187 1656 257 1691 mis
279 1662 392 1698 penas
411 1662 432 1696 y
452 1651 596 1696 fatigas.

116 1701 281 1749 Cumplió
297 1702 353 1737 los
370 1700 501 1736 treinta
524 1709 542 1744 y
564 1703 638 1735 tres
659 1702 747 1734 años

116 1752 149 1789 el
166 1752 292 1790 Señor,
313 1760 330 1795 y
350 1746 551 1785 determina

117 1799 280 1837 caminar
294 1798 314 1832 á
334 1796 502 1843 padecer:

117 1858 187 1885 con
210 1858 252 1883 su
280 1845 402 1881 madre
419 1845 453 1879 lo
482 1842 625 1890 platica.

117 1897 173 1933 Un
189 1896 316 1942 jueves
336 1903 401 1939 por
423 1893 455 1927 la
475 1896 626 1927 mañana

118 1946 153 1981 la
173 1942 326 1979 llamaba
348 1953 366 1988 y
389 1941 419 1977 la
442 1939 555 1976 decia:

119 2004 163 2039 ya
183 2003 223 2027 es
243 1989 530 2036 tiempo,Madre,
554 1997 592 2034 ya
614 1996 653 2021 es
671 1985 803 2029 tiempo

124 2042 169 2077 de
190 2039 343 2085 cumplir
364 2039 417 2075 las
439 2037 629 2082 profecías;

120 2100 167 2136 yo
185 2089 232 2124 he
253 2088 297 2124 de
318 2087 348 2122 ir
368 2088 387 2122 á
402 2084 510 2121 sufrir
527 2086 666 2120 muerte

124 2147 264 2183 porque
300 2135 332 2171 el
359 2135 510 2171 hombre
532 2137 639 2179 tenga
662 2129 756 2166 vida.

122 2185 205 2232 Hijo
222 2185 266 2221 de
288 2184 337 2220 mi
368 2192 534 2221 corazón,

126 2233 317 2270 dulcísima
339 2231 475 2277 prenda
495 2230 581 2270 mia,

128 2292 198 2329 que
219 2292 277 2319 me
311 2280 457 2328 quieres
478 2278 577 2325 dejar
605 2276 681 2314 sola

823 247 959 284 metida
978 258 1022 284 en
1043 251 1160 284 tantas
1183 245 1330 293 fatigas?

824 297 941 332 Cristo
962 308 979 342 y
1001 307 1042 332 su
1067 296 1185 331 Madre
1207 305 1246 330 se
1274 296 1426 331 abrazan

824 345 988 380 llorando
1006 354 1042 380 se
1063 343 1277 389 despedían:

824 392 874 427 mi
893 393 1085 428 bendición
1109 404 1149 428 os
1165 391 1325 426 alcance.

824 440 990 480 Quedaos
1009 452 1051 476 en
1069 450 1144 486 paz,
1170 438 1272 473 hasta
1295 439 1326 474 el
1346 438 1403 474 dia

825 499 894 534 pue
912 489 1033 525 subáis
1055 490 1072 523 á
1104 489 1154 523 las
1173 487 1309 521 alturas

826 538 844 572 á
866 541 963 573 estar
985 547 1028 573 en
1059 537 1106 572 mi
1127 534 1328 580 compañía.

826 587 853 620 A
877 595 918 621 su
941 585 1094 631 sagrado
1115 583 1262 628 Colegio

828 634 861 669 le
885 634 942 669 dio
958 644 1000 669 en
1019 634 1049 669 la
1073 642 1175 671 cena,
1199 642 1240 666 su
1258 631 1383 666 misma

830 692 938 718 carne
968 693 988 724 y
1007 692 1137 727 sangre
1158 679 1242 726 (qué
1264 675 1459 725 portento!)

830 741 848 773 y
871 730 949 766 lavó
971 730 1025 765 los
1043 730 1120 775 pies
1145 728 1228 775 (qué
1248 725 1384 771 dicha!)

829 778 884 814 Un
905 779 1065 814 atrevido
1084 779 1118 814 lo
1148 775 1265 813 vendo

833 837 898 872 por
921 837 988 862 una
1010 826 1140 862 infame
1159 824 1312 863 codicia,

835 885 905 920 que
925 874 1052 910 fueron
1075 874 1204 910 treinta
1222 873 1382 910 dineros;

837 934 890 970 ¡ay
911 922 1011 964 Dios,
1035 922 1143 968 quien
1157 921 1203 956 tal
1221 918 1390 964 imagina!

836 972 920 1007 Solo
942 975 1016 1007 tres
1036 970 1129 1006 llevó
1151 968 1314 1013 consigo,

834 1019 976 1056 cuando
992 1019 1025 1055 al
1047 1019 1177 1054 huerto
1199 1027 1239 1052 se
1260 1012 1463 1053 encamina,

838 1079 907 1113 que
935 1078 999 1103 son
1021 1067 1150 1105 Pedro,
1168 1065 1257 1100 Juan
1279 1074 1298 1109 y
1314 1063 1438 1107 Diego,

837 1126 975 1161 porque
991 1115 1035 1150 de
1056 1114 1213 1159 testigos
1232 1112 1367 1147 sirvan.

834 1163 947 1210 Llegé
962 1163 995 1199 el
1015 1162 1188 1199 redentor
1216 1161 1248 1197 al
1270 1159 1416 1197 huerto,

835 1223 857 1257 y
875 1223 923 1248 un
952 1221 1042 1256 poco
1062 1210 1081 1245 á
1103 1218 1184 1245 orar
1202 1218 1241 1244 se
1264 1207 1388 1247 retira;

837 1261 918 1296 hizo
938 1259 1082 1296 oración
1099 1259 1118 1293 á
1140 1268 1182 1293 su
1206 1256 1319 1292 Padre

837 1320 857 1354 y
880 1309 924 1344 de
941 1311 1017 1343 esta
1035 1309 1157 1342 suerte
1175 1304 1289 1340 decia:

838 1367 939 1402 pase,
960 1359 1080 1394 señor,
1104 1354 1135 1389 si
1151 1363 1191 1390 es
1207 1350 1362 1398 posible,

839 1409 918 1441 este
939 1403 1027 1440 cáliz
1048 1402 1092 1439 de
1113 1402 1241 1448 agonía

840 1463 884 1488 en
906 1451 967 1493 mí;
989 1461 1067 1487 mas
1087 1450 1244 1495 siempre
1264 1458 1304 1484 se
1325 1447 1419 1493 haga

841 1505 879 1536 tu
900 1498 1086 1539 voluntad,
1110 1509 1156 1534 no
1177 1498 1207 1533 la
1236 1497 1320 1533 mia.

843 1549 952 1585 Gotas
973 1548 1017 1583 de
1039 1556 1171 1592 sangre
1193 1546 1225 1581 le
1257 1545 1347 1580 hace

844 1597 954 1633 sudar
973 1606 1062 1641 pena
1080 1599 1137 1631 tan
1167 1593 1323 1633 crecida,

843 1656 861 1691 y
874 1656 921 1680 un
940 1644 1054 1690 Angel
1078 1653 1118 1679 se
1139 1643 1172 1679 le
1207 1650 1372 1687 aparece,

844 1704 914 1738 que
932 1693 968 1728 le
988 1692 1145 1728 conforta
1173 1701 1191 1735 y
1217 1689 1351 1725 anima.

843 1741 1007 1776 Partióse
1043 1750 1120 1775 mas
1141 1737 1329 1775 esforzado

845 1789 865 1824 á
886 1799 929 1824 su
948 1788 1057 1824 noble
1072 1786 1275 1833 compañía,

846 1836 942 1874 halló
965 1847 1034 1882 que
1050 1835 1200 1872 estaban
1212 1831 1428 1870 durmiendo

847 1896 868 1931 y
888 1884 1127 1921 llamándoles
1140 1882 1256 1919 decia:

848 1933 952 1969 velad
970 1944 987 1979 y
1007 1932 1177 1972 atended,
1200 1931 1355 1976 amigos,

853 1992 922 2027 que
939 1992 980 2028 ya
1002 1981 1147 2016 veloces
1168 1979 1332 2014 caminan

852 2031 908 2066 los
933 2040 1002 2076 que
1023 2029 1152 2066 vienen
1174 2027 1191 2062 á
1210 2026 1427 2072 prenderme

855 2089 938 2123 para
959 2079 1135 2123 quitarme
1158 2076 1188 2112 la
1212 2076 1307 2111 vida.

856 2126 968 2173 Llegó
989 2126 1099 2162 Judas
1120 2125 1154 2162 el
1181 2123 1358 2162 malvado,

853 2186 921 2212 con
941 2186 982 2211 su
1004 2175 1135 2210 infamo
1156 2172 1332 2209 escuadra
1355 2168 1479 2213 impía;

853 2224 926 2270 dijo
954 2223 1071 2260 Cristo
1108 2223 1126 2257 á
1143 2221 1252 2268 quién
1270 2216 1433 2256 buscáis?

853 2275 881 2309 A
903 2272 1009 2311 Jesús
1030 2274 1062 2310 le
1077 2269 1308 2317 respondían;
