1765 2512
248 235 404 271 TROVOS
428 232 584 267 NUEVOS
610 232 710 265 PARA
737 228 894 263 CANTAR
919 225 992 260 CON
1019 222 1069 256 LA
1094 219 1312 256 GUITARRA.

535 320 630 359 Quise
648 320 735 355 bien,
758 316 809 358 fui
825 314 1033 347 aborrecido,

487 365 601 401 adore,
636 363 686 404 fui
702 359 934 403 despreciado;

488 418 538 441 me
555 406 710 446 lamenté,
732 415 774 439 no
789 403 842 446 fui
856 402 946 440 oido,

485 452 608 493 porfió,
634 461 675 483 no
688 449 741 492 fui
759 446 946 482 escuchado

133 502 237 546 ¡Cuán
256 498 470 541 desgraciado
485 496 525 528 he
541 494 672 532 nacido,

88 559 107 592 y
124 548 211 582 cuán
227 544 393 578 contraria
415 551 451 575 es
469 542 512 573 mi
527 539 677 572 estrella!

89 601 171 636 pues
183 594 235 623 me
252 587 284 621 Vi
304 584 498 620 aborrecido

88 637 130 670 de
148 643 211 669 una
227 631 358 667 deidad,
375 640 391 671 y
405 635 542 669 aunque
561 625 578 659 á
596 625 660 660 ella

90 680 184 723 quise
197 678 284 712 bien,
298 675 350 718 fui
367 672 576 705 aborrecido.

137 725 278 763 Aunque
298 718 375 752 todo
393 717 437 749 mi
455 714 594 747 cuidado

93 779 129 801 se
147 763 279 800 esmeró
299 771 341 797 en
360 759 497 794 servirla
513 759 655 792 ansioso,

94 811 221 851 ningún
243 805 408 850 provecho
423 804 465 837 he
482 801 619 838 sacado;

94 863 177 898 pues
193 861 253 894 por
269 858 339 883 mas
354 857 420 891 que
440 846 614 879 afectuoso

95 897 208 936 adoré,
230 895 283 937 fui
302 890 533 935 despreciado.

857 488 956 530 Quise
975 488 1110 520 amante
1127 491 1204 524 muy
1224 479 1363 514 rendido

815 533 974 575 obligarla
990 540 1051 565 con
1067 529 1130 561 mis
1147 525 1277 569 quejas:

818 587 888 611 mas
905 577 968 609 ella
989 583 1024 608 se
1043 572 1099 605 dio
1116 571 1146 604 al
1164 566 1339 604 descuido,

818 632 835 664 y
851 627 986 662 aunque
1007 617 1180 651 incesante
1197 622 1238 646 en
1259 620 1315 644 sus
1336 609 1421 651 rejas

816 675 868 698 me
892 661 1049 697 lamenté,
1071 669 1113 691 no
1132 657 1184 698 fui
1201 656 1290 689 oído.

862 708 1059 742 Viéndcme,
1086 711 1167 745 pues
1199 698 1400 734 desdeñado,

820 762 857 787 su
876 752 961 785 calle
981 748 1127 783 rondaba
1145 748 1296 777 amante;

822 806 893 830 mas
913 796 967 828 fue
985 793 1109 832 tiempo
1127 786 1330 829 malogrado,

824 849 905 883 pues
917 845 1053 879 aunque
1069 836 1136 867 lino
1158 841 1174 872 y
1194 833 1372 864 constante

821 882 940 927 porfié,
966 890 1009 914 no
1027 879 1081 921 fui
1100 874 1297 911 escuchado.

553 977 596 1009 Ya
616 984 666 1008 me
687 976 746 1008 has
769 973 879 1007 vuelto
896 971 945 1004 las
965 967 1121 1011 espaldas

498 1029 626 1062 porque
646 1021 751 1052 tienes
769 1026 873 1050 nuevo
891 1023 997 1050 amor,

502 1064 579 1096 bien
590 1064 715 1105 puedes
734 1056 1005 1102 corresponderle

504 1118 568 1150 que
589 1109 620 1140 lo
632 1115 757 1140 merece

148 1160 251 1195 Sobre
267 1155 448 1190 alfombras
468 1153 510 1188 de
530 1150 734 1185 esmeraldas

108 1216 153 1238 un
172 1204 267 1245 galan
282 1198 501 1234 enternecido

109 1250 139 1281 al
159 1250 208 1290 pie
229 1246 268 1279 de
284 1253 346 1277 una
361 1243 461 1276 verde
484 1240 593 1282 palma

108 1302 170 1325 con
192 1290 301 1324 ansias
322 1288 393 1320 dice
415 1285 432 1320 á
449 1283 587 1327 Cupido:

109 1347 150 1377 ya
171 1345 221 1368 me
241 1334 300 1365 has
317 1330 427 1365 vuelto
443 1329 492 1362 las
508 1326 675 1368 espaldas.

152 1380 198 1412 De
213 1382 248 1411 tu
268 1375 392 1409 desden
408 1374 438 1407 el
456 1373 547 1413 rigor

109 1433 164 1457 me
178 1420 317 1464 penetró
336 1418 411 1451 toda
432 1417 462 1450 el
479 1417 580 1452 alma,

110 1476 176 1508 que
196 1463 349 1499 olvidado
363 1461 378 1495 á
402 1467 436 1494 tu
455 1461 548 1493 favor

109 1510 157 1543 mí
179 1510 251 1541 vida
273 1516 307 1540 se
324 1508 510 1539 encuentra
528 1512 569 1536 en
595 1501 703 1534 calma

108 1561 237 1596 porque
256 1552 361 1584 tienes
381 1556 487 1582 nuevo
502 1555 608 1579 amor.

874 1147 1015 1179 Deseara
1033 1142 1063 1175 el
1081 1139 1261 1174 conocerle

834 1199 911 1233 para
928 1185 1114 1222 envidiarle
1130 1185 1158 1216 la
1174 1182 1285 1217 dicha,

833 1243 912 1277 pues
930 1231 964 1265 tú
981 1232 1096 1264 deseas
1118 1228 1261 1271 tenerlo,

835 1279 997 1311 mientras
1017 1274 1101 1305 lloro
1116 1271 1162 1303 mi
1178 1269 1335 1303 derUcna

834 1322 909 1355 bien
923 1319 1051 1362 puedes
1066 1312 1256 1356 corresport
1269 1312 1351 1344 crie.

881 1365 940 1406 ¡Oh
958 1360 1024 1405 qué
1038 1368 1120 1402 pena
1138 1368 1156 1399 y
1175 1355 1242 1400 qué
1253 1355 1359 1388 dolor!

838 1407 916 1452 ¡qué
930 1409 1045 1440 suerte
1061 1413 1078 1445 y
1095 1400 1161 1443 qué
1184 1397 1398 1433 desventura!

837 1451 978 1486 acábese
997 1458 1037 1483 en
1063 1446 1107 1480 mí
1125 1445 1155 1477 el
1169 1452 1275 1480 error,

840 1505 905 1539 que
925 1494 956 1527 él
974 1502 1056 1535 goce
1071 1490 1112 1523 de
1127 1492 1162 1519 tu
1184 1487 1392 1519 hermosura,

839 1548 922 1583 pues
942 1537 975 1570 lo
993 1542 1120 1569 merece
1137 1530 1256 1571 mejor.

545 1633 724 1670 Albricias,
739 1638 880 1664 corazón
902 1635 982 1663 mío,

502 1678 628 1714 ánimo,
645 1686 687 1708 no
705 1676 771 1716 hay

504 1732 567 1765 que
581 1721 612 1754 el
630 1720 679 1752 sol
701 1728 761 1761 que
777 1730 782 1749 ¡

505 1775 543 1799 su
560 1766 615 1798 luz
634 1762 744 1797 volvió
756 1761 776 1794 á

164 1819 310 1853 Acábese
328 1816 358 1849 el
381 1810 521 1846 mármol
545 1810 620 1844 frió,

121 1866 249 1907 quilate
264 1864 293 1896 el
317 1861 387 1893 luto
400 1856 608 1890 asombroso,

122 1918 187 1951 que
206 1908 238 1941 el
251 1905 362 1940 dueño
379 1902 418 1935 de
435 1903 469 1932 tu
487 1895 635 1932 alvedrío

123 1956 178 1987 fue
192 1950 298 1985 Fénix
319 1944 546 1981 maravilloso;

124 1995 298 2030 albricias,
320 1996 461 2024 corazón
478 1986 558 2020 mió.

172 2039 308 2074 Vuelve,
332 2033 451 2067 vuelve
474 2030 492 2064 á
508 2026 666 2069 respirar,

127 2094 190 2128 que
207 2082 238 2115 la
258 2081 339 2114 fiera
353 2078 488 2110 muerte
507 2071 622 2107 airada

128 2137 172 2162 no
188 2128 228 2159 ha
248 2121 367 2168 podido
393 2119 568 2153 arrebatar

128 2174 157 2206 la
181 2170 253 2202 vida
273 2166 289 2201 á
313 2172 346 2199 tu
367 2163 489 2207 prenda
508 2158 641 2193 amada;

129 2217 255 2249 ánimo,
276 2221 317 2243 no
334 2210 400 2250 hay
424 2217 486 2249 que
502 2205 621 2237 llorar.

890 1804 972 1835 Cese
988 1799 1018 1832 el
1034 1797 1129 1830 dolor
1145 1805 1210 1838 que
1221 1792 1354 1829 llenaba

849 1850 902 1880 tus
919 1846 1062 1877 retretes
1078 1841 1119 1874 de
1136 1845 1327 1881 amargura,

852 1900 888 1933 ya
914 1887 1009 1923 brilla
1028 1894 1125 1918 como
1147 1883 1286 1917 brillaba

853 1941 916 1968 con
935 1932 988 1965 luz
1004 1939 1075 1963 mas
1094 1928 1239 1969 perfecta
1258 1936 1272 1967 y
1296 1932 1376 1965 pura

853 1987 914 2021 que
934 1976 966 2008 el
983 1974 1033 2006 sol
1050 1982 1111 2015 que
1133 1981 1167 2003 se
1192 1975 1224 2003 te
1240 1967 1418 2009 eclipsaba.

897 2020 945 2053 No
965 2018 1006 2051 ha
1027 2018 1068 2049 de
1086 2015 1236 2048 volverte
1252 2014 1270 2045 á
1286 2011 1419 2053 agoviar

856 2065 886 2098 la
904 2060 1082 2097 oscuridad
1098 2060 1305 2101 importuna,

858 2109 976 2142 horror
994 2106 1027 2139 ni
1041 2108 1180 2145 espanto
1195 2112 1213 2144 y
1226 2110 1333 2143 pesar;

858 2161 922 2195 que
938 2155 973 2184 tu
1004 2147 1206 2182 moribunda
1228 2147 1307 2178 luna

857 2207 895 2230 su
916 2195 971 2228 luz
989 2191 1100 2225 volvió
1124 2190 1144 2223 á
1162 2188 1327 2223 recobrar.

133 2299 488 2345 CARMONA—1856
512 2297 600 2342 Imp.
624 2295 668 2329 de
685 2292 721 2328 D.
742 2292 772 2326 J.
792 2290 837 2325 M.
856 2289 899 2326 M.
918 2287 1009 2323 calle
1029 2285 1117 2320 Juan
1141 2282 1184 2318 de
1196 2282 1227 2317 la
1237 2279 1363 2318 Cabra,
1383 2277 1466 2313 núrn
1506 2276 1527 2309 5
