1737 2508
383 1266 1557 1341 DON JUAN DE LA TIERRA.
758 1469 1189 1527 SEGUNDA PARTE.
325 1607 857 1670 Tomó la pluma don Juan,
275 1654 777 1716 y de esta suerte notaba:
275 1704 803 1768 « Desde el instante que ví
275 1752 803 1818 esa hermosa mano blanca
277 1803 767 1863 quedé confuso, señora,
277 1851 841 1913 tan rendido y tan sin alma,
277 1897 928 1963 que aunque vivo no estoy vivo
281 1951 867 2014 porque no vivo en tu gracía,
285 2000 797 2060 por lo cual yo te suplico,
285 2048 761 2110 si merezco dicha tanta
283 2096 787 2156 de ver esos dos luceros,
285 2143 779 2203 ó esa gracia estremada;
287 2185 974 2251 tendrás por esclavo á un hombre
1009 1587 1686 1651 que es gran príncipe de España,
1015 1638 1435 1698 y al recibir el favor,
1009 1684 1597 1744 te daré el premio y la paga
1009 1732 1531 1796 de mi real mano y serás
1011 1780 1541 1847 la infanta mas celebrada,
1017 1827 1521 1891 y en tu escudo pondrás
1013 1875 1569 1939 Castillo y Leon por armas.
1019 1925 1559 1989 Guárdete el Cielo, Señora,
1021 1970 1547 2036 y cumple mis esperanzas. »
1018 2022 1477 2088 El portador se partiò,
1023 2072 1602 2134 dió en mano propia la carta,
1021 2125 1509 2185 rompiò la nema y leyó,
1025 2173 1477 2237 y la respuesta notada
