1765 2512
277 227 297 260 4

143 280 206 305 con
231 271 262 304 el
287 269 414 304 invicto
431 266 591 302 Gualtero

142 314 252 359 quedó
268 313 418 348 Griselda
433 312 567 350 casada,

142 368 208 402 que
221 359 276 392 fuó
297 359 338 394 de
351 356 546 392 constancia
566 353 723 399 ejemplo;

142 403 298 438 atención
314 405 451 445 oyentes
469 400 566 439 mios,

142 452 216 482 otra
233 457 292 481 vez
307 447 325 481 á
339 454 505 488 encargar
519 443 655 480 vuelvo,

142 501 269 534 porque
285 501 345 525 son
362 500 440 531 muy
455 486 638 522 diferentes

143 537 192 569 los
210 545 316 574 casos,
339 544 405 576 que
421 534 448 567 si
469 533 616 574 primero

143 580 199 614 fué
219 583 381 613 contento
411 587 427 619 y
444 576 570 618 alegría

144 625 246 659 ahora
272 633 306 657 es
333 632 418 665 pena
443 630 461 663 y
478 620 711 654 sentimiento.

144 669 223 711 Dejo
237 671 351 710 aparte
374 667 404 699 la
427 665 552 707 alegría

145 712 185 746 de
203 714 251 746 los
272 716 391 745 cuatro
408 714 487 744 años
502 709 665 751 primeros

144 756 185 790 de
207 766 245 789 su
266 757 341 789 feliz
362 752 590 791 matrimonio,

146 810 164 842 y
181 810 298 835 vamos
323 800 425 833 ahora
451 798 492 832 de
511 806 622 831 nuevo

146 845 165 877 á
192 845 310 878 referir
337 845 385 877 los
402 851 551 886 pesares.

147 891 172 922 A
190 889 238 923 los
258 890 315 922 dos
332 891 413 921 años
431 887 584 920 tuvieron

147 942 215 967 una
235 933 300 975 hija
325 941 392 974 que
414 941 456 965 en
478 931 603 964 belleza

147 978 238 1019 quila
253 978 284 1010 al
305 977 356 1009 sol
381 986 437 1009 sus
451 984 547 1015 rayos
567 973 686 1008 bellos.

147 1021 328 1055 Celebróse
343 1021 385 1054 de
399 1020 430 1052 la
450 1019 580 1052 infanta

147 1066 178 1098 el
196 1065 335 1099 dichoso
369 1063 578 1098 nacimiento

147 1119 213 1143 con
231 1109 401 1143 universal
423 1107 576 1150 aplauso,

148 1163 287 1196 aunque
310 1157 445 1196 gustara
462 1152 621 1185 Gualtero

148 1200 275 1232 mucho
292 1207 364 1231 mas
382 1206 447 1239 que
464 1197 557 1229 fuera
577 1196 719 1233 infante,

148 1252 208 1285 por
234 1244 262 1276 la
285 1242 426 1285 quietud
446 1240 486 1274 de
506 1249 562 1273 sus
578 1239 730 1282 pueblos.

149 1286 224 1321 Crió
255 1286 405 1319 Griselda
428 1286 459 1319 la
476 1284 556 1317 niña

150 1341 214 1365 con
231 1330 346 1365 cariño
360 1330 401 1364 de
415 1339 472 1363 sus
486 1328 623 1371 .pechos

152 1386 214 1418 por
233 1376 368 1418 espacio
396 1374 438 1407 de
453 1373 513 1407 dos
530 1374 625 1411 años,

156 1431 172 1461 y
194 1421 225 1454 al
247 1420 329 1454 cabo
347 1418 442 1462 quiso
463 1418 628 1450 Gualtero

150 1464 272 1506 probar
288 1464 318 1497 la
333 1465 400 1496 fina
417 1460 587 1496 constacia

152 1510 193 1543 de
210 1519 247 1542 su
268 1517 384 1551 esposa
403 1517 420 1548 y
435 1515 514 1548 muy
530 1514 648 1539 severo

153 1552 251 1586 entró
267 1553 297 1586 al
312 1555 430 1586 cuarto
445 1550 556 1584 donde
569 1549 699 1588 estaba,

154 1598 194 1631 de
212 1600 281 1631 esta
299 1605 435 1630 manera
458 1594 629 1629 diciendo:

155 1642 234 1675 bien
254 1646 286 1675 te
303 1638 481 1674 acordarás
502 1638 652 1671 Griselda

153 1686 193 1719 de
213 1689 248 1718 tu
270 1695 307 1728 ya
324 1684 446 1728 pasado
465 1683 605 1724 tiempo,

154 1731 287 1764 cuando
314 1729 455 1763 vinistes
481 1727 498 1761 á
520 1727 567 1760 mi
580 1735 672 1762 casa,

154 1785 172 1816 y
197 1774 297 1817 aquel
326 1772 563 1808 ofrecimiento

155 1829 220 1862 que
237 1820 374 1852 delante
392 1818 432 1851 de
450 1822 486 1851 tu
506 1816 608 1858 padre

154 1874 211 1897 me
239 1863 374 1902 hiciste,
400 1871 466 1905 que
485 1871 528 1894 en
550 1860 681 1903 ningún
711 1858 837 1903 tiempo

158 1917 212 1941 me
228 1907 343 1941 habías
363 1907 404 1941 de
425 1907 485 1940 dar
502 1906 685 1947 disgustos,

155 1963 174 1995 y
199 1952 246 1985 asi
264 1953 323 1986 has
338 1952 380 1985 de
395 1954 491 1984 tener
507 1959 566 1992 por
588 1950 707 1985 cierto,

156 2006 222 2040 que
243 1997 283 2030 de
309 1999 449 2030 nuestro
464 1992 696 2032 matrimonio,

157 2041 248 2076 hubo
265 2041 407 2074 muchos
424 2040 678 2076 descontentos,

156 2096 175 2128 y
199 2086 342 2128 después
364 2085 404 2119 de
424 2084 527 2117 haber
548 2082 676 2126 parido,

156 2140 230 2164 mas
245 2129 458 2171 disgustados
487 2128 538 2160 los
553 2137 630 2163 veo,

156 2184 287 2218 purque
304 2174 402 2208 dicen
421 2182 487 2216 que
516 2181 561 2205 no
589 2171 732 2214 quieren

157 2221 323 2262 sujetarse
337 2229 353 2252 a
372 2219 421 2252 los
438 2220 611 2259 respectos

159 2264 200 2298 de
222 2268 255 2297 tu
282 2263 361 2306 hija,
379 2272 444 2306 que
464 2270 599 2304 aunque
619 2269 675 2293 sea

158 2309 240 2351 bija,
261 2309 302 2342 de
320 2318 364 2342 un
383 2310 485 2342 señor
509 2310 566 2339 tan
579 2306 706 2344 buerro,

160 2357 250 2387 nieta
273 2363 308 2387 es
335 2352 484 2386 también
506 2351 547 2384 de
565 2360 609 2383 un
627 2349 767 2389 villano,

161 2405 258 2431 como
278 2407 313 2431 es
328 2396 497 2432 Janículo:
515 2404 594 2429 creo

160 2442 193 2476 lo
210 2441 345 2477 tendrás
375 2441 452 2477 bien
466 2448 506 2476 en
525 2438 704 2478 memoria;

861 272 880 306 y
899 263 948 296 asi
967 265 1069 305 tengo
1083 268 1122 303 ya
1141 259 1311 302 dispuesto

861 317 921 350 por
946 308 978 341 la
995 304 1175 341 concordia
1195 313 1213 346 y
1229 302 1260 335 la
1277 309 1337 343 paz

861 351 903 386 de
923 352 986 386 mis
1008 350 1153 384 vasallos
1173 355 1240 390 que
1255 346 1356 386 luego

861 396 951 439 salga
978 399 1016 429 tu
1038 395 1104 437 bija
1118 393 1159 427 de
1176 399 1266 429 casa,

863 449 881 482 y
895 443 969 474 esto
983 440 1027 473 ha
1046 439 1087 472 de
1103 446 1157 472 ser
1175 435 1398 470 almomento.

860 485 888 518 A
908 494 973 527 que
991 481 1168 525 respondió
1189 476 1351 515 Griselda,

863 528 914 561 sin
938 530 1088 561 muestra
1110 526 1152 559 de
1167 520 1402 557 sentimiento:

862 575 976 611 señor,
995 572 1039 605 de
1055 570 1101 604 mi
1122 579 1139 611 y
1164 569 1205 602 de
1222 565 1267 599 mi
1288 564 1355 606 hija

866 617 932 650 sois
958 626 1015 649 vos
1035 615 1066 649 el
1083 616 1244 657 perpetuo
1260 609 1385 645 dueño;

867 661 939 698 has,
961 660 1092 702 dispon,
1108 656 1227 690 manda
1242 664 1259 696 y
1274 652 1400 686 ordena

868 714 933 748 que
950 714 989 747 yo
1013 704 1160 745 siempre
1173 702 1192 733 á
1212 702 1249 732 tu
1269 699 1426 740 precepto

867 752 958 791 estoy
975 749 1072 781 firme
1088 756 1107 788 y
1124 753 1203 786 muy
1223 742 1403 783 dispuesta.

868 794 906 827 Al
932 796 1038 835 punto
1059 789 1182 824 mandó
1199 787 1357 820 Gualtero

869 838 886 871 á
913 847 957 870 un
986 835 1099 870 criado
1120 842 1185 876 que
1202 831 1338 872 llegase,

867 891 885 924 y
899 882 929 914 la
946 881 1076 914 infanta
1098 887 1162 912 con
1179 874 1312 916 despejo

868 925 1001 968 quitase
1016 923 1034 958 á
1051 933 1089 956 su
1114 921 1244 958 madre,
1270 927 1287 960 y
1304 917 1334 949 la
1350 923 1452 957 saque

869 970 910 1003 de
933 978 972 1003 su
992 966 1169 1011 presencia
1195 963 1226 996 al
1244 963 1430 995 momento.

868 1012 940 1047 Fué
955 1013 988 1047 el
1001 1011 1117 1046 criado
1145 1007 1319 1049 diligente,

870 1056 1006 1092 entróse
1031 1066 1074 1091 en
1095 1055 1126 1089 el
1143 1053 1318 1096 aposento,

869 1110 887 1144 y
903 1101 1061 1135 viéndole
1079 1100 1111 1133 la
1134 1101 1269 1134 señora,

868 1144 975 1189 pensó
1000 1155 1038 1179 su
1066 1142 1255 1179 intención,
1288 1146 1306 1180 y
1332 1136 1431 1178 luego

869 1189 963 1223 tomó
976 1199 1020 1222 en
1038 1188 1157 1222 brazos
1183 1185 1202 1219 á
1218 1184 1250 1217 la
1270 1182 1363 1220 niña,

871 1243 888 1276 y
905 1235 936 1267 la
958 1232 1129 1277 persignó,
1147 1227 1317 1264 diciendo:

870 1278 947 1311 Dios
971 1281 1005 1311 te
1021 1277 1107 1311 libre
1120 1275 1162 1309 de
1179 1269 1388 1313 desgracias;

873 1331 915 1357 en
933 1323 964 1356 el
983 1325 1093 1355 rostro
1113 1321 1144 1354 le
1164 1318 1217 1352 dió
1235 1325 1281 1348 un
1298 1314 1390 1352 beso,

872 1376 892 1409 y
912 1368 944 1400 al
960 1366 1076 1401 criado
1095 1375 1131 1398 se
1155 1364 1187 1396 la
1207 1364 1347 1399 entrega

875 1411 977 1453 quien
998 1409 1081 1443 salió
1101 1408 1155 1442 del
1171 1406 1346 1449 aposento.

873 1454 996 1494 Notad,
1018 1457 1157 1497 oyentes
1172 1448 1323 1485 amados,

875 1499 906 1532 la
928 1499 1067 1541 congoja
1088 1508 1106 1539 y
1126 1492 1347 1530 sentimiento

877 1553 943 1587 que
963 1552 1006 1577 en
1027 1543 1059 1576 el
1074 1549 1216 1575 corazón
1234 1534 1383 1571 Griselda

876 1587 1019 1626 tendría,
1036 1596 1054 1629 y
1070 1596 1132 1620 con
1156 1584 1232 1617 lodo
1249 1589 1305 1616 eso

876 1641 920 1665 no
940 1641 974 1666 se
998 1632 1052 1664 vió
1084 1629 1248 1664 mudanza
1270 1625 1392 1665 alguna

878 1685 919 1709 en
936 1685 974 1709 su
1003 1674 1211 1709 diamantino
1229 1667 1347 1712 pecho.

878 1720 945 1754 Fué
959 1720 989 1754 el
1009 1719 1122 1753 criado
1149 1716 1259 1750 donde
1286 1710 1399 1745 estaba

879 1774 917 1798 su
944 1774 1033 1803 amo,
1061 1774 1079 1806 y
1097 1763 1229 1803 dispuso
1251 1760 1350 1798 luego

878 1809 909 1842 la
931 1809 1078 1842 llevasen
1097 1808 1114 1840 á
1135 1804 1285 1839 Bolonia,

882 1854 992 1887 donde
1014 1852 1105 1886 tenia
1126 1850 1284 1884 Gualtero

882 1907 949 1933 una
966 1897 1142 1932 hermana,
1158 1903 1223 1936 que
1237 1889 1356 1925 casada

881 1951 937 1976 era
955 1950 1020 1975 con
1035 1951 1083 1975 un
1101 1939 1287 1974 caballero,

880 1986 1026 2020 llamado
1051 1986 1082 2019 el
1100 1983 1208 2018 conde
1226 1979 1373 2017 Panicio,

883 2040 903 2073 y
919 2029 1065 2073 encargó
1095 2038 1161 2072 que
1173 2035 1239 2060 con
1258 2027 1390 2058 secreto

883 2075 904 2110 á
919 2086 957 2109 su
977 2075 1043 2118 hija
1065 2074 1095 2106 la
1113 2073 1245 2107 criasen

883 2130 945 2154 con
971 2118 1123 2162 aquellos
1140 2116 1367 2152 documentos

883 2173 948 2207 que
970 2168 1069 2198 entre
1099 2164 1148 2196 los
1175 2159 1293 2194 nobles
1311 2166 1346 2190 se
1361 2164 1444 2189 usan

882 2219 925 2243 en
942 2209 973 2241 la
990 2208 1190 2245 educación,
1212 2213 1285 2237 mas
1302 2201 1343 2235 de
1361 2204 1433 2234 esto

884 2253 969 2287 nada
1002 2252 1092 2286 sabia
1126 2248 1289 2285 Griselda,

883 2307 967 2342 pues
983 2297 1037 2331 iba
1054 2307 1118 2331 con
1140 2296 1186 2329 tal
1201 2291 1356 2328 silencio,

885 2352 950 2386 que
964 2352 1030 2376 aun
1054 2342 1094 2376 de
1117 2340 1144 2374 si
1159 2349 1214 2374 era
1233 2339 1367 2370 muerta
1385 2332 1403 2367 ó
1420 2331 1494 2365 viva

887 2397 930 2421 no
950 2388 982 2421 le
996 2385 1052 2420 dió
1065 2388 1189 2419 cuenta
1206 2381 1379 2416 Gualtero.

886 2433 911 2467 Y
931 2432 1062 2467 cuando
1082 2431 1138 2465 fue
1165 2429 1241 2463 Dios
1259 2423 1405 2461 servido.
