1737 2508
1210 294 1489 331 (Número 144.)
149 1179 1568 1235 CARTA DISCRETA Y AMOROSA.
143 1272 1561 1331 dispuestu en quintillas, de un galan á su dama, que viéndola enojada
144 1318 1563 1374 y desviada de su cariño, procura atraer de nuevo su amor, disculpán-
372 1364 1336 1414 dose de las causas que la dió para enojarla.
193 1464 582 1500 Pajarillo que volando
147 1507 580 1546 surcas el viento ligero,
139 1553 618 1592 aqui te estoy aguardando,
145 1597 680 1635 que has da ser el mensagero
149 1641 708 1681 de un alma que está penando.
191 1685 610 1721 Este papel con cuídado
144 1728 567 1765 has de llevar en el pico
147 1772 556 1810 á mi dueño idolatrado,
136 1816 604 1856 á advierte que te suplico
146 1860 530 1898 se lo des disimulado.
182 1902 634 1947 No te has de sobresaltar,
129 1949 555 1988 sino con tu discrecion
136 1994 488 2032 trátala de suavizar,
142 2038 580 2078 dila, que de mi pasion
137 2081 539 2122 jamás llegue á dudar.
180 2126 668 2168 Si la encontrares dormida
140 2172 668 2213 no la interrumpas el sueño,
133 2215 694 2258 que aunque de dolor rendida
137 2260 629 2300 es siempre el único dueño
137 2303 617 2346 de mi alma y de mi vida.
174 2349 638 2393 Llega rendido á sus pies,
880 1474 1390 1518 háblala con mucho tiento,
874 1518 1298 1558 y con tu vista, cortés,
880 1562 1332 1603 observa los movimientos
883 1607 1306 1649 para que aviso me dés,
916 1651 1450 1695 Si pone alegre el semblante
870 1695 1342 1738 cuando le digas mi amor,
880 1739 1342 1782 vente volando al instante,
872 1781 1332 1826 no aguardes á mas favor,
877 1827 1434 1871 que esto para mi es bastante.
907 1872 1426 1917 Si demuestra algun enfado,
868 1916 1262 1955 ó la vieres desdeñosa
868 1964 1444 2004 ¿por qué he de ser el culpado?
870 2008 1397 2048 ¿porque ha de estar rigurosa
876 2049 1425 2094 con quien motivo no ha dado?
907 2093 1350 2137 Pero no, no se lo digas;
872 2136 1336 2182 dila que su mano espero,
864 2180 1274 2224 dila que tengo fatigas,
868 2226 1348 2273 en fin, dila que la quiero,
864 2274 1344 2313 y si es su gusto prosigas.
907 2315 1398 2360 Si muestra su indignacion
864 2365 1300 2401 porque con otra deídad
