1752 2480
145 228 193 255 en
210 215 268 256 las
287 217 411 258 visitas
429 230 471 257 es
490 219 613 258 donde

145 287 261 325 pasan
282 278 436 328 algunos
458 278 637 328 trabajos,

144 346 288 385 porque
305 336 364 374 allí
386 336 419 375 la
441 336 650 384 sacrifican,

145 406 166 444 y
183 393 239 433 les
267 394 373 447 pican
401 394 420 432 á
454 407 495 432 su
518 395 619 434 salvo

144 465 189 490 en
205 452 241 491 la
257 453 413 503 cintura,
433 466 480 492 en
500 453 555 493 las
572 454 677 506 ligas,

144 518 248 550 entre
269 512 407 552 medias
429 526 449 565 y
468 519 634 564 zapatos,

142 582 213 620 por
232 577 465 611 mantenerse
485 573 538 610 asi
558 572 669 611 tiesas

140 629 197 668 les
216 630 289 669 dan
305 642 397 669 unos
418 631 622 682 picotazos,

136 700 214 739 que
233 688 304 740 hay
325 689 544 729 sorbetones
564 703 632 742 por
658 691 793 740 barba,

139 761 162 798 y
184 749 391 786 mordiscon
405 762 451 787 en
470 749 522 788 los
542 749 677 798 labios,

136 813 337 847 taconazos
358 820 404 846 en
428 808 463 846 el
483 808 601 855 suelo,

137 879 158 916 y
178 880 334 907 rneneon
354 866 375 905 á
391 866 425 905 el
442 867 588 919 jarapo;

135 941 229 979 pero
249 942 294 967 en
314 927 552 980 quedándose
575 928 596 968 á
610 929 726 980 solas,

134 989 223 1039 aqui
241 994 278 1027 te
298 989 427 1039 quiero
452 1001 609 1039 gazapo:

134 1048 155 1086 á
174 1048 207 1087 el
223 1060 316 1099 agua
342 1045 365 1085 ó
384 1046 404 1085 á
425 1047 457 1086 la
479 1047 650 1094 candela,

133 1107 304 1157 trabajan
324 1106 537 1145 entrambas
559 1119 703 1156 manos,

133 1178 227 1206 unas
251 1177 403 1207 mueren
423 1164 628 1218 ahogadas,

880 225 980 258 otras
1005 221 1208 271 quemadas
1228 234 1274 260 en
1288 226 1393 269 auto,

874 285 977 318 otras
998 278 1043 317 de
1063 278 1191 318 Conde
1211 280 1258 319 de
1272 280 1408 328 Uñate,

877 350 922 376 en
945 338 1115 377 combate
1134 341 1445 390 ensangrentado:

878 408 918 434 se
941 397 1088 448 alegran
1109 411 1130 449 y
1144 411 1183 437 se
1201 398 1394 441 divierten,

877 467 898 504 y
921 454 995 506 hay
1017 469 1063 493 un
1075 456 1236 508 jolgorio
1258 457 1398 495 salado:

879 512 965 565 hay,
988 514 1138 553 maldita
1159 529 1246 554 sean
1263 517 1317 554 las
1338 516 1482 567 pulgas,

876 574 1057 623 malditas,
1077 587 1151 627 que
1170 587 1229 614 me
1249 574 1321 614 han
1341 575 1499 624 breado;

873 644 944 671 con
960 634 994 673 el
1012 642 1120 687 gusto
1136 635 1183 675 de
1198 635 1373 675 matarlas

874 693 996 732 tienen
1019 707 1066 731 un
1089 701 1170 734 rato
1183 708 1268 747 muy
1283 696 1416 735 bravo.

875 750 934 790 Yo
955 754 1114 793 también
1137 767 1194 793 me
1215 755 1340 806 alegro
1361 753 1512 804 mucho,

871 822 944 860 que
960 813 1079 863 hagan
1099 821 1196 850 estos
1218 820 1397 864 estragos.

871 867 1044 909 Malditas
1064 883 1152 910 sean
1172 871 1226 909 las
1244 871 1383 922 pulgas,

872 930 1023 969 maldito
1043 943 1106 970 sea
1126 930 1177 971 tal
1197 930 1357 982 ganado,

867 1001 889 1039 y
907 989 940 1028 al
957 1003 1029 1041 que
1043 1002 1092 1030 no
1116 990 1245 1042 dijere:
1269 991 1401 1041 Amen,

867 1060 940 1098 que
958 1049 993 1087 le
1014 1050 1227 1088 merienden
1245 1063 1293 1087 un
1307 1050 1408 1089 lado.

866 1106 897 1144 Y
915 1120 961 1158 ya
991 1106 1037 1145 he
1057 1108 1216 1147 referido
1237 1109 1259 1147 á
1275 1109 1425 1149 ustedes

865 1167 911 1207 de
931 1167 965 1206 la
984 1167 1102 1221 Pulga
1116 1169 1173 1208 los
1192 1180 1339 1209 acasos.

739 1751 928 1801 FIN.
622 2233 1007 2272 CARMONA:=4858.

167 2284 346 2333 Imprenta
367 2283 411 2324 de
430 2284 472 2325 D.
491 2283 572 2323 José
592 2284 637 2323 M.
661 2284 821 2327 Moreno,
842 2284 932 2324 calle
953 2285 1041 2322 Juan
1063 2283 1108 2325 de
1127 2285 1161 2325 la
1181 2284 1291 2327 Cabra
1312 2284 1409 2325 núm.
1432 2286 1469 2323 4.
