<?xml version="1.0" encoding="UTF-8" standalone="yes"?>
<PcGts xmlns="http://schema.primaresearch.org/PAGE/gts/pagecontent/2013-07-15" xmlns:xsi="http://www.w3.org/2001/XMLSchema-instance" xsi:schemaLocation="http://schema.primaresearch.org/PAGE/gts/pagecontent/2013-07-15 http://schema.primaresearch.org/PAGE/gts/pagecontent/2013-07-15/pagecontent.xsd">
    <Metadata>
        <Creator>Transkribus</Creator>
        <Created>2020-10-15T14:15:11.637+02:00</Created>
        <LastChange>2021-10-27T17:24:00.877+02:00</LastChange>
        <Comments>
                Measurement unit: pixel
                PrimaryLanguage: English
                Language: SpanishTraditionalSort
                Producer: Transkribus
            </Comments>
        <TranskribusMetadata docId="516443" pageId="21910107" pageNr="4" tsid="67182478" status="GT" userId="66244" imgUrl="https://files.transkribus.eu/Get?id=OZNTGAMXGCCQJHFCDZHOAPEC&amp;fileType=view" xmlUrl="https://files.transkribus.eu/Get?id=ERKLXIJNGPKOYDXIGEKNDAQU" imageId="17013454"/>
    </Metadata>
    <Page imageFilename="0004_Moreno_119_4.jpg" imageWidth="1765" imageHeight="2512">
        <PrintSpace>
            <Coords points="73,0 1765,0 1765,2512 73,2512"/>
        </PrintSpace>
        <ReadingOrder>
            <OrderedGroup id="ro_1646645562597" caption="Regions reading order">
                <RegionRefIndexed index="0" regionRef="r_1_1"/>
                <RegionRefIndexed index="1" regionRef="r_1_2"/>
                <RegionRefIndexed index="2" regionRef="r_1_3"/>
                <RegionRefIndexed index="3" regionRef="r_1_4"/>
                <RegionRefIndexed index="4" regionRef="r_1_5"/>
                <RegionRefIndexed index="5" regionRef="r_1_6"/>
                <RegionRefIndexed index="6" regionRef="r_1_7"/>
                <RegionRefIndexed index="7" regionRef="r_1_8"/>
                <RegionRefIndexed index="8" regionRef="r_2_1"/>
                <RegionRefIndexed index="9" regionRef="r_2_2"/>
                <RegionRefIndexed index="10" regionRef="r_2_3"/>
                <RegionRefIndexed index="11" regionRef="r_2_4"/>
                <RegionRefIndexed index="12" regionRef="r_2_5"/>
                <RegionRefIndexed index="13" regionRef="r_2_6"/>
                <RegionRefIndexed index="14" regionRef="r_2_7"/>
                <RegionRefIndexed index="15" regionRef="r_2_8"/>
                <RegionRefIndexed index="16" regionRef="r_2_9"/>
                <RegionRefIndexed index="17" regionRef="r_3_1"/>
                <RegionRefIndexed index="18" regionRef="r_4_1"/>
            </OrderedGroup>
        </ReadingOrder>
        <TextRegion type="paragraph" id="r_1_1" custom="readingOrder {index:0;}">
            <Coords points="303,165 327,165 327,199 303,199"/>
            <TextLine id="tl_1" primaryLanguage="English" custom="readingOrder {index:0;}">
                <Coords points="304,166 326,166 326,198 304,198"/>
                <Baseline points="304,198 326,198"/>
                <Word id="w_w2aab1b1b2b1b1ab1" language="English" custom="readingOrder {index:0;}">
                    <Coords points="304,166 326,166 326,198 304,198"/>
                    <TextEquiv>
                        <Unicode>4</Unicode>
                    </TextEquiv>
                    <TextStyle fontFamily="Times New Roman" fontSize="9.0"/>
                </Word>
                <TextEquiv>
                    <Unicode>4</Unicode>
                </TextEquiv>
                <TextStyle fontFamily="Times New Roman" fontSize="9.0"/>
            </TextLine>
            <TextEquiv>
                <Unicode>4</Unicode>
            </TextEquiv>
        </TextRegion>
        <TextRegion type="paragraph" id="r_1_2" custom="readingOrder {index:1;}">
            <Coords points="214,207 720,207 720,388 214,388"/>
            <TextLine id="tl_2" primaryLanguage="English" custom="readingOrder {index:0;}">
                <Coords points="261,208 682,208 682,254 261,254"/>
                <Baseline points="261,241 294,241 368,242 416,243 498,245 531,245 577,246 682,247"/>
                <Word id="w_w2aab1b1b4b1b1ab1" language="English" custom="readingOrder {index:0;}">
                    <Coords points="261,208 294,208 294,241 261,241"/>
                    <TextEquiv>
                        <Unicode>El</Unicode>
                    </TextEquiv>
                    <TextStyle fontFamily="Times New Roman" fontSize="9.5"/>
                </Word>
                <Word id="w_w2aab1b1b4b1b1ab7" language="English" custom="readingOrder {index:1;}">
                    <Coords points="312,209 368,209 368,243 312,243"/>
                    <TextEquiv>
                        <Unicode>Sol</Unicode>
                    </TextEquiv>
                    <TextStyle fontFamily="Times New Roman" fontSize="9.5"/>
                </Word>
                <Word id="w_w2aab1b1b4b1b1ac15" language="English" custom="readingOrder {index:2;}">
                    <Coords points="385,209 416,209 416,243 385,243"/>
                    <TextEquiv>
                        <Unicode>le</Unicode>
                    </TextEquiv>
                    <TextStyle fontFamily="Times New Roman" fontSize="9.5"/>
                </Word>
                <Word id="w_w2aab1b1b4b1b1ac21" language="English" custom="readingOrder {index:3;}">
                    <Coords points="432,211 498,211 498,254 432,254"/>
                    <TextEquiv>
                        <Unicode>dijo</Unicode>
                    </TextEquiv>
                    <TextStyle fontFamily="Times New Roman" fontSize="9.5"/>
                </Word>
                <Word id="w_w2aab1b1b4b1b1ac31" language="English" custom="readingOrder {index:4;}">
                    <Coords points="515,212 531,212 531,245 515,245"/>
                    <TextEquiv>
                        <Unicode>á</Unicode>
                    </TextEquiv>
                    <TextStyle fontFamily="Times New Roman" fontSize="9.5"/>
                </Word>
                <Word id="w_w2aab1b1b4b1b1ac35" language="English" custom="readingOrder {index:5;}">
                    <Coords points="547,212 577,212 577,246 547,246"/>
                    <TextEquiv>
                        <Unicode>la</Unicode>
                    </TextEquiv>
                    <TextStyle fontFamily="Times New Roman" fontSize="9.5"/>
                </Word>
                <Word id="w_w2aab1b1b4b1b1ac41" language="English" custom="readingOrder {index:6;}">
                    <Coords points="592,214 682,214 682,247 592,247"/>
                    <TextEquiv>
                        <Unicode>Luna</Unicode>
                    </TextEquiv>
                    <TextStyle fontFamily="Times New Roman" fontSize="9.5"/>
                </Word>
                <TextEquiv>
                    <Unicode>El Sol le dijo á la Luna</Unicode>
                </TextEquiv>
                <TextStyle fontFamily="Times New Roman" fontSize="9.5"/>
            </TextLine>
            <TextLine id="tl_3" primaryLanguage="English" custom="readingOrder {index:1;}">
                <Coords points="216,255 656,255 656,300 216,300"/>
                <Baseline points="216,296 283,286 339,287 447,288 485,289 656,295"/>
                <Word id="w_w2aab1b1b4b1b3ab1" language="English" custom="readingOrder {index:0;}">
                    <Coords points="216,262 283,262 283,296 216,296"/>
                    <TextEquiv>
                        <Unicode>que</Unicode>
                    </TextEquiv>
                    <TextStyle fontFamily="Times New Roman" fontSize="9.5"/>
                </Word>
                <Word id="w_w2aab1b1b4b1b3ab9" language="English" custom="readingOrder {index:1;}">
                    <Coords points="303,263 339,263 339,287 303,287"/>
                    <TextEquiv>
                        <Unicode>se</Unicode>
                    </TextEquiv>
                    <TextStyle fontFamily="Times New Roman" fontSize="9.5"/>
                </Word>
                <Word id="w_w2aab1b1b4b1b3ac15" language="English" custom="readingOrder {index:2;}">
                    <Coords points="355,255 447,255 447,288 355,288"/>
                    <TextEquiv>
                        <Unicode>fuera</Unicode>
                    </TextEquiv>
                    <TextStyle fontFamily="Times New Roman" fontSize="9.5"/>
                </Word>
                <Word id="w_w2aab1b1b4b1b3ac27" language="English" custom="readingOrder {index:3;}">
                    <Coords points="467,256 485,256 485,289 467,289"/>
                    <TextEquiv>
                        <Unicode>á</Unicode>
                    </TextEquiv>
                    <TextStyle fontFamily="Times New Roman" fontSize="9.5"/>
                </Word>
                <Word id="w_w2aab1b1b4b1b3ac31" language="English" custom="readingOrder {index:4;}">
                    <Coords points="506,266 656,266 656,300 506,300"/>
                    <TextEquiv>
                        <Unicode>recoger,</Unicode>
                    </TextEquiv>
                    <TextStyle fontFamily="Times New Roman" fontSize="9.5"/>
                </Word>
                <TextEquiv>
                    <Unicode>que se fuera á recoger,</Unicode>
                </TextEquiv>
                <TextStyle fontFamily="Times New Roman" fontSize="9.5"/>
            </TextLine>
            <TextLine id="tl_4" primaryLanguage="English" custom="readingOrder {index:2;}">
                <Coords points="216,298 708,298 708,339 216,339"/>
                <Baseline points="216,339 283,330 317,330 474,332 532,333 582,334 708,336"/>
                <Word id="w_w2aab1b1b4b1b5ab1" language="English" custom="readingOrder {index:0;}">
                    <Coords points="216,307 283,307 283,339 216,339"/>
                    <TextEquiv>
                        <Unicode>que</Unicode>
                    </TextEquiv>
                    <TextStyle fontFamily="Times New Roman" fontSize="9.5"/>
                </Word>
                <Word id="w_w2aab1b1b4b1b5ab9" language="English" custom="readingOrder {index:1;}">
                    <Coords points="300,298 317,298 317,330 300,330"/>
                    <TextEquiv>
                        <Unicode>á</Unicode>
                    </TextEquiv>
                    <TextStyle fontFamily="Times New Roman" fontSize="9.5"/>
                </Word>
                <Word id="w_w2aab1b1b4b1b5ac13" language="English" custom="readingOrder {index:2;}">
                    <Coords points="334,299 474,299 474,332 334,332"/>
                    <TextEquiv>
                        <Unicode>deshora</Unicode>
                    </TextEquiv>
                    <TextStyle fontFamily="Times New Roman" fontSize="9.5"/>
                </Word>
                <Word id="w_w2aab1b1b4b1b5ac29" language="English" custom="readingOrder {index:3;}">
                    <Coords points="492,301 532,301 532,333 492,333"/>
                    <TextEquiv>
                        <Unicode>de</Unicode>
                    </TextEquiv>
                    <TextStyle fontFamily="Times New Roman" fontSize="9.5"/>
                </Word>
                <Word id="w_w2aab1b1b4b1b5ac35" language="English" custom="readingOrder {index:4;}">
                    <Coords points="553,302 582,302 582,334 553,334"/>
                    <TextEquiv>
                        <Unicode>la</Unicode>
                    </TextEquiv>
                    <TextStyle fontFamily="Times New Roman" fontSize="9.5"/>
                </Word>
                <Word id="w_w2aab1b1b4b1b5ac41" language="English" custom="readingOrder {index:5;}">
                    <Coords points="600,302 708,302 708,336 600,336"/>
                    <TextEquiv>
                        <Unicode>noche</Unicode>
                    </TextEquiv>
                    <TextStyle fontFamily="Times New Roman" fontSize="9.5"/>
                </Word>
                <TextEquiv>
                    <Unicode>que á deshora de la noche</Unicode>
                </TextEquiv>
                <TextStyle fontFamily="Times New Roman" fontSize="9.5"/>
            </TextLine>
            <TextLine id="tl_5" primaryLanguage="English" custom="readingOrder {index:3;}">
                <Coords points="215,343 719,343 719,387 215,387"/>
                <Baseline points="215,374 259,375 389,374 553,378 610,379 719,379"/>
                <Word id="w_w2aab1b1b4b1b7ab1" language="English" custom="readingOrder {index:0;}">
                    <Coords points="215,351 259,351 259,375 215,375"/>
                    <TextEquiv>
                        <Unicode>no</Unicode>
                    </TextEquiv>
                    <TextStyle fontFamily="Times New Roman" fontSize="9.5"/>
                </Word>
                <Word id="w_w2aab1b1b4b1b7ab7" language="English" custom="readingOrder {index:1;}">
                    <Coords points="279,343 389,343 389,375 279,375"/>
                    <TextEquiv>
                        <Unicode>andan</Unicode>
                    </TextEquiv>
                    <TextStyle fontFamily="Times New Roman" fontSize="9.5"/>
                </Word>
                <Word id="w_w2aab1b1b4b1b7ac19" language="English" custom="readingOrder {index:2;}">
                    <Coords points="410,353 553,353 553,387 410,387"/>
                    <TextEquiv>
                        <Unicode>mujeres</Unicode>
                    </TextEquiv>
                    <TextStyle fontFamily="Times New Roman" fontSize="9.5"/>
                </Word>
                <Word id="w_w2aab1b1b4b1b7ac35" language="English" custom="readingOrder {index:3;}">
                    <Coords points="570,347 610,347 610,379 570,379"/>
                    <TextEquiv>
                        <Unicode>de</Unicode>
                    </TextEquiv>
                    <TextStyle fontFamily="Times New Roman" fontSize="9.5"/>
                </Word>
                <Word id="w_w2aab1b1b4b1b7ac41" language="English" custom="readingOrder {index:4;}">
                    <Coords points="626,347 719,347 719,380 626,380"/>
                    <TextEquiv>
                        <Unicode>bien.</Unicode>
                    </TextEquiv>
                    <TextStyle fontFamily="Times New Roman" fontSize="9.5"/>
                </Word>
                <TextEquiv>
                    <Unicode>no andan mujeres de bien.</Unicode>
                </TextEquiv>
                <TextStyle fontFamily="Times New Roman" fontSize="9.5"/>
            </TextLine>
            <TextEquiv>
                <Unicode>El Sol le dijo á la Luna
que se fuera á recoger,
que á deshora de la noche
no andan mujeres de bien.</Unicode>
            </TextEquiv>
        </TextRegion>
        <TextRegion type="paragraph" id="r_1_3" custom="readingOrder {index:2;}">
            <Coords points="213,386 804,386 804,565 213,565"/>
            <TextLine id="tl_6" primaryLanguage="English" custom="readingOrder {index:0;}">
                <Coords points="261,387 803,387 803,431 261,431"/>
                <Baseline points="261,418 342,419 461,420 579,423 640,423 803,428"/>
                <Word id="w_w2aab1b1b4b3b1ab1" language="English" custom="readingOrder {index:0;}">
                    <Coords points="261,387 342,387 342,419 261,419"/>
                    <TextEquiv>
                        <Unicode>Tres</Unicode>
                    </TextEquiv>
                    <TextStyle fontFamily="Times New Roman" fontSize="9.5"/>
                </Word>
                <Word id="w_w2aab1b1b4b3b1ac11" language="English" custom="readingOrder {index:1;}">
                    <Coords points="359,388 461,388 461,421 359,421"/>
                    <TextEquiv>
                        <Unicode>fincas</Unicode>
                    </TextEquiv>
                    <TextStyle fontFamily="Times New Roman" fontSize="9.5"/>
                </Word>
                <Word id="w_w2aab1b1b4b3b1ac25" language="English" custom="readingOrder {index:2;}">
                    <Coords points="482,395 579,395 579,431 482,431"/>
                    <TextEquiv>
                        <Unicode>tengo</Unicode>
                    </TextEquiv>
                    <TextStyle fontFamily="Times New Roman" fontSize="9.5"/>
                </Word>
                <Word id="w_w2aab1b1b4b3b1ac37" language="English" custom="readingOrder {index:3;}">
                    <Coords points="601,400 640,400 640,423 601,423"/>
                    <TextEquiv>
                        <Unicode>en</Unicode>
                    </TextEquiv>
                    <TextStyle fontFamily="Times New Roman" fontSize="9.5"/>
                </Word>
                <Word id="w_w2aab1b1b4b3b1ac43" language="English" custom="readingOrder {index:4;}">
                    <Coords points="663,390 803,390 803,428 663,428"/>
                    <TextEquiv>
                        <Unicode>Madrid,</Unicode>
                    </TextEquiv>
                    <TextStyle fontFamily="Times New Roman" fontSize="9.5"/>
                </Word>
                <TextEquiv>
                    <Unicode>Tres fincas tengo en Madrid,</Unicode>
                </TextEquiv>
                <TextStyle fontFamily="Times New Roman" fontSize="9.5"/>
            </TextLine>
            <TextLine id="tl_7" primaryLanguage="English" custom="readingOrder {index:1;}">
                <Coords points="214,429 669,429 669,474 214,474"/>
                <Baseline points="214,462 330,463 392,464 515,466 669,467"/>
                <Word id="w_w2aab1b1b4b3b3ab1" language="English" custom="readingOrder {index:0;}">
                    <Coords points="214,429 330,429 330,463 214,463"/>
                    <TextEquiv>
                        <Unicode>siendo</Unicode>
                    </TextEquiv>
                    <TextStyle fontFamily="Times New Roman" fontSize="9.5"/>
                </Word>
                <Word id="w_w2aab1b1b4b3b3ac15" language="English" custom="readingOrder {index:1;}">
                    <Coords points="348,441 392,441 392,464 348,464"/>
                    <TextEquiv>
                        <Unicode>un</Unicode>
                    </TextEquiv>
                    <TextStyle fontFamily="Times New Roman" fontSize="9.5"/>
                </Word>
                <Word id="w_w2aab1b1b4b3b3ac21" language="English" custom="readingOrder {index:2;}">
                    <Coords points="412,432 515,432 515,474 412,474"/>
                    <TextEquiv>
                        <Unicode>pobre</Unicode>
                    </TextEquiv>
                    <TextStyle fontFamily="Times New Roman" fontSize="9.5"/>
                </Word>
                <Word id="w_w2aab1b1b4b3b3ac33" language="English" custom="readingOrder {index:3;}">
                    <Coords points="532,435 669,435 669,467 532,467"/>
                    <TextEquiv>
                        <Unicode>militar:</Unicode>
                    </TextEquiv>
                    <TextStyle fontFamily="Times New Roman" fontSize="9.5"/>
                </Word>
                <TextEquiv>
                    <Unicode>siendo un pobre militar:</Unicode>
                </TextEquiv>
                <TextStyle fontFamily="Times New Roman" fontSize="9.5"/>
            </TextLine>
            <TextLine id="tl_8" primaryLanguage="English" custom="readingOrder {index:2;}">
                <Coords points="214,473 677,473 677,516 214,516"/>
                <Baseline points="214,505 245,506 386,513 435,508 677,516"/>
                <Word id="w_w2aab1b1b4b3b5ab1" language="English" custom="readingOrder {index:0;}">
                    <Coords points="214,473 245,473 245,506 214,506"/>
                    <TextEquiv>
                        <Unicode>la</Unicode>
                    </TextEquiv>
                    <TextStyle fontFamily="Times New Roman" fontSize="9.5"/>
                </Word>
                <Word id="w_w2aab1b1b4b3b5ab7" language="English" custom="readingOrder {index:1;}">
                    <Coords points="262,474 386,474 386,513 262,513"/>
                    <TextEquiv>
                        <Unicode>cárcel,</Unicode>
                    </TextEquiv>
                    <TextStyle fontFamily="Times New Roman" fontSize="9.5"/>
                </Word>
                <Word id="w_w2aab1b1b4b3b5ac23" language="English" custom="readingOrder {index:2;}">
                    <Coords points="406,477 435,477 435,509 406,509"/>
                    <TextEquiv>
                        <Unicode>el</Unicode>
                    </TextEquiv>
                    <TextStyle fontFamily="Times New Roman" fontSize="9.5"/>
                </Word>
                <Word id="w_w2aab1b1b4b3b5ac29" language="English" custom="readingOrder {index:3;}">
                    <Coords points="455,480 677,480 677,516 455,516"/>
                    <TextEquiv>
                        <Unicode>cementerio,</Unicode>
                    </TextEquiv>
                    <TextStyle fontFamily="Times New Roman" fontSize="9.5"/>
                </Word>
                <TextEquiv>
                    <Unicode>la cárcel, el cementerio,</Unicode>
                </TextEquiv>
                <TextStyle fontFamily="Times New Roman" fontSize="9.5"/>
            </TextLine>
            <TextLine id="tl_9" primaryLanguage="English" custom="readingOrder {index:3;}">
                <Coords points="215,519 627,519 627,564 215,564"/>
                <Baseline points="215,560 232,560 400,552 452,553 627,555"/>
                <Word id="w_w2aab1b1b4b3b7ab1" language="English" custom="readingOrder {index:0;}">
                    <Coords points="215,528 232,528 232,560 215,560"/>
                    <TextEquiv>
                        <Unicode>y</Unicode>
                    </TextEquiv>
                    <TextStyle fontFamily="Times New Roman" fontSize="9.5"/>
                </Word>
                <Word id="w_w2aab1b1b4b3b7ab5" language="English" custom="readingOrder {index:1;}">
                    <Coords points="250,519 400,519 400,552 250,552"/>
                    <TextEquiv>
                        <Unicode>también</Unicode>
                    </TextEquiv>
                    <TextStyle fontFamily="Times New Roman" fontSize="9.5"/>
                </Word>
                <Word id="w_w2aab1b1b4b3b7ac21" language="English" custom="readingOrder {index:2;}">
                    <Coords points="422,521 452,521 452,553 422,553"/>
                    <TextEquiv>
                        <Unicode>el</Unicode>
                    </TextEquiv>
                    <TextStyle fontFamily="Times New Roman" fontSize="9.5"/>
                </Word>
                <Word id="w_w2aab1b1b4b3b7ac27" language="English" custom="readingOrder {index:3;}">
                    <Coords points="473,521 627,521 627,564 473,564"/>
                    <TextEquiv>
                        <Unicode>hospital.</Unicode>
                    </TextEquiv>
                    <TextStyle fontFamily="Times New Roman" fontSize="9.5"/>
                </Word>
                <TextEquiv>
                    <Unicode>y también el hospital.</Unicode>
                </TextEquiv>
                <TextStyle fontFamily="Times New Roman" fontSize="9.5"/>
            </TextLine>
            <TextEquiv>
                <Unicode>Tres fincas tengo en Madrid,
siendo un pobre militar:
la cárcel, el cementerio,
y también el hospital.</Unicode>
            </TextEquiv>
        </TextRegion>
        <TextRegion type="paragraph" id="r_1_4" custom="readingOrder {index:3;}">
            <Coords points="210,562 715,562 715,742 210,742"/>
            <TextLine id="tl_10" primaryLanguage="English" custom="readingOrder {index:0;}">
                <Coords points="259,563 714,563 714,606 259,606"/>
                <Baseline points="259,595 306,595 418,597 546,599 714,601"/>
                <Word id="w_w2aab1b1b4b5b1ab1" language="English" custom="readingOrder {index:0;}">
                    <Coords points="259,563 306,563 306,595 259,595"/>
                    <TextEquiv>
                        <Unicode>Un</Unicode>
                    </TextEquiv>
                    <TextStyle fontFamily="Times New Roman" fontSize="9.5"/>
                </Word>
                <Word id="w_w2aab1b1b4b5b1ab7" language="English" custom="readingOrder {index:1;}">
                    <Coords points="323,564 418,564 418,606 323,606"/>
                    <TextEquiv>
                        <Unicode>ciego</Unicode>
                    </TextEquiv>
                    <TextStyle fontFamily="Times New Roman" fontSize="9.5"/>
                </Word>
                <Word id="w_w2aab1b1b4b5b1ac19" language="English" custom="readingOrder {index:2;}">
                    <Coords points="434,565 546,565 546,599 434,599"/>
                    <TextEquiv>
                        <Unicode>estaba</Unicode>
                    </TextEquiv>
                    <TextStyle fontFamily="Times New Roman" fontSize="9.5"/>
                </Word>
                <Word id="w_w2aab1b1b4b5b1ac33" language="English" custom="readingOrder {index:3;}">
                    <Coords points="562,567 714,567 714,601 562,601"/>
                    <TextEquiv>
                        <Unicode>mirando</Unicode>
                    </TextEquiv>
                    <TextStyle fontFamily="Times New Roman" fontSize="9.5"/>
                </Word>
                <TextEquiv>
                    <Unicode>Un ciego estaba mirando</Unicode>
                </TextEquiv>
                <TextStyle fontFamily="Times New Roman" fontSize="9.5"/>
            </TextLine>
            <TextLine id="tl_11" primaryLanguage="English" custom="readingOrder {index:1;}">
                <Coords points="212,606 695,606 695,651 212,651"/>
                <Baseline points="212,640 310,640 362,640 499,642 585,644 695,650"/>
                <Word id="w_w2aab1b1b4b5b3ab1" language="English" custom="readingOrder {index:0;}">
                    <Coords points="212,606 310,606 310,640 212,640"/>
                    <TextEquiv>
                        <Unicode>cómo</Unicode>
                    </TextEquiv>
                    <TextStyle fontFamily="Times New Roman" fontSize="9.5"/>
                </Word>
                <Word id="w_w2aab1b1b4b5b3ac11" language="English" custom="readingOrder {index:1;}">
                    <Coords points="327,617 362,617 362,640 327,640"/>
                    <TextEquiv>
                        <Unicode>se</Unicode>
                    </TextEquiv>
                    <TextStyle fontFamily="Times New Roman" fontSize="9.5"/>
                </Word>
                <Word id="w_w2aab1b1b4b5b3ac17" language="English" custom="readingOrder {index:2;}">
                    <Coords points="381,618 499,618 499,651 381,651"/>
                    <TextEquiv>
                        <Unicode>quema</Unicode>
                    </TextEquiv>
                    <TextStyle fontFamily="Times New Roman" fontSize="9.5"/>
                </Word>
                <Word id="w_w2aab1b1b4b5b3ac29" language="English" custom="readingOrder {index:3;}">
                    <Coords points="521,620 585,620 585,644 521,644"/>
                    <TextEquiv>
                        <Unicode>una</Unicode>
                    </TextEquiv>
                    <TextStyle fontFamily="Times New Roman" fontSize="9.5"/>
                </Word>
                <Word id="w_w2aab1b1b4b5b3ac37" language="English" custom="readingOrder {index:4;}">
                    <Coords points="606,621 695,621 695,650 606,650"/>
                    <TextEquiv>
                        <Unicode>casa,</Unicode>
                    </TextEquiv>
                    <TextStyle fontFamily="Times New Roman" fontSize="9.5"/>
                </Word>
                <TextEquiv>
                    <Unicode>cómo se quema una casa,</Unicode>
                </TextEquiv>
                <TextStyle fontFamily="Times New Roman" fontSize="9.5"/>
            </TextLine>
            <TextLine id="tl_12" primaryLanguage="English" custom="readingOrder {index:2;}">
                <Coords points="212,652 672,652 672,696 212,696"/>
                <Baseline points="212,684 257,683 379,685 545,688 672,694"/>
                <Word id="w_w2aab1b1b4b5b5ab1" language="English" custom="readingOrder {index:0;}">
                    <Coords points="212,660 257,660 257,684 212,684"/>
                    <TextEquiv>
                        <Unicode>un</Unicode>
                    </TextEquiv>
                    <TextStyle fontFamily="Times New Roman" fontSize="9.5"/>
                </Word>
                <Word id="w_w2aab1b1b4b5b5ab7" language="English" custom="readingOrder {index:1;}">
                    <Coords points="278,652 379,652 379,685 278,685"/>
                    <TextEquiv>
                        <Unicode>mudo</Unicode>
                    </TextEquiv>
                    <TextStyle fontFamily="Times New Roman" fontSize="9.5"/>
                </Word>
                <Word id="w_w2aab1b1b4b5b5ac17" language="English" custom="readingOrder {index:2;}">
                    <Coords points="398,653 545,653 545,688 398,688"/>
                    <TextEquiv>
                        <Unicode>llamaba</Unicode>
                    </TextEquiv>
                    <TextStyle fontFamily="Times New Roman" fontSize="9.5"/>
                </Word>
                <Word id="w_w2aab1b1b4b5b5ac33" language="English" custom="readingOrder {index:3;}">
                    <Coords points="561,660 672,660 672,696 561,696"/>
                    <TextEquiv>
                        <Unicode>gente,</Unicode>
                    </TextEquiv>
                    <TextStyle fontFamily="Times New Roman" fontSize="9.5"/>
                </Word>
                <TextEquiv>
                    <Unicode>un mudo llamaba gente,</Unicode>
                </TextEquiv>
                <TextStyle fontFamily="Times New Roman" fontSize="9.5"/>
            </TextLine>
            <TextLine id="tl_13" primaryLanguage="English" custom="readingOrder {index:3;}">
                <Coords points="211,696 699,696 699,741 211,741"/>
                <Baseline points="211,737 228,737 291,727 383,729 530,730 581,732 699,732"/>
                <Word id="w_w2aab1b1b4b5b7ab1" language="English" custom="readingOrder {index:0;}">
                    <Coords points="211,704 228,704 228,737 211,737"/>
                    <TextEquiv>
                        <Unicode>y</Unicode>
                    </TextEquiv>
                    <TextStyle fontFamily="Times New Roman" fontSize="9.5"/>
                </Word>
                <Word id="w_w2aab1b1b4b5b7ab5" language="English" custom="readingOrder {index:1;}">
                    <Coords points="246,704 291,704 291,728 246,728"/>
                    <TextEquiv>
                        <Unicode>un</Unicode>
                    </TextEquiv>
                    <TextStyle fontFamily="Times New Roman" fontSize="9.5"/>
                </Word>
                <Word id="w_w2aab1b1b4b5b7ac11" language="English" custom="readingOrder {index:2;}">
                    <Coords points="309,696 383,696 383,738 309,738"/>
                    <TextEquiv>
                        <Unicode>cojo</Unicode>
                    </TextEquiv>
                    <TextStyle fontFamily="Times New Roman" fontSize="9.5"/>
                </Word>
                <Word id="w_w2aab1b1b4b5b7ac21" language="English" custom="readingOrder {index:3;}">
                    <Coords points="401,697 530,697 530,730 401,730"/>
                    <TextEquiv>
                        <Unicode>llevaba</Unicode>
                    </TextEquiv>
                    <TextStyle fontFamily="Times New Roman" fontSize="9.5"/>
                </Word>
                <Word id="w_w2aab1b1b4b5b7ac37" language="English" custom="readingOrder {index:4;}">
                    <Coords points="550,700 581,700 581,732 550,732"/>
                    <TextEquiv>
                        <Unicode>el</Unicode>
                    </TextEquiv>
                    <TextStyle fontFamily="Times New Roman" fontSize="9.5"/>
                </Word>
                <Word id="w_w2aab1b1b4b5b7ac43" language="English" custom="readingOrder {index:5;}">
                    <Coords points="601,709 699,709 699,741 601,741"/>
                    <TextEquiv>
                        <Unicode>agua.</Unicode>
                    </TextEquiv>
                    <TextStyle fontFamily="Times New Roman" fontSize="9.5"/>
                </Word>
                <TextEquiv>
                    <Unicode>y un cojo llevaba el agua.</Unicode>
                </TextEquiv>
                <TextStyle fontFamily="Times New Roman" fontSize="9.5"/>
            </TextLine>
            <TextEquiv>
                <Unicode>Un ciego estaba mirando
cómo se quema una casa,
un mudo llamaba gente,
y un cojo llevaba el agua.</Unicode>
            </TextEquiv>
        </TextRegion>
        <TextRegion type="paragraph" id="r_1_5" custom="readingOrder {index:4;}">
            <Coords points="205,739 707,739 707,911 205,911"/>
            <TextLine id="tl_14" primaryLanguage="English" custom="readingOrder {index:0;}">
                <Coords points="258,740 706,740 706,785 258,785"/>
                <Baseline points="258,772 335,772 451,774 596,777 706,778"/>
                <Word id="w_w2aab1b1b4b7b1ab1" language="English" custom="readingOrder {index:0;}">
                    <Coords points="258,740 335,740 335,772 258,772"/>
                    <TextEquiv>
                        <Unicode>Viva</Unicode>
                    </TextEquiv>
                    <TextStyle fontFamily="Times New Roman" fontSize="9.5"/>
                </Word>
                <Word id="w_w2aab1b1b4b7b1ac11" language="English" custom="readingOrder {index:1;}">
                    <Coords points="354,740 451,740 451,774 354,774"/>
                    <TextEquiv>
                        <Unicode>Cádiz</Unicode>
                    </TextEquiv>
                    <TextStyle fontFamily="Times New Roman" fontSize="9.5"/>
                </Word>
                <Word id="w_w2aab1b1b4b7b1ac23" language="English" custom="readingOrder {index:2;}">
                    <Coords points="470,751 596,751 596,785 470,785"/>
                    <TextEquiv>
                        <Unicode>porque</Unicode>
                    </TextEquiv>
                    <TextStyle fontFamily="Times New Roman" fontSize="9.5"/>
                </Word>
                <Word id="w_w2aab1b1b4b7b1ac37" language="English" custom="readingOrder {index:3;}">
                    <Coords points="614,744 706,744 706,778 614,778"/>
                    <TextEquiv>
                        <Unicode>tiene</Unicode>
                    </TextEquiv>
                    <TextStyle fontFamily="Times New Roman" fontSize="9.5"/>
                </Word>
                <TextEquiv>
                    <Unicode>Viva Cádiz porque tiene</Unicode>
                </TextEquiv>
                <TextStyle fontFamily="Times New Roman" fontSize="9.5"/>
            </TextLine>
            <TextLine id="tl_15" primaryLanguage="English" custom="readingOrder {index:1;}">
                <Coords points="209,782 703,782 703,827 209,827"/>
                <Baseline points="209,815 260,815 436,818 550,819 598,821 703,827"/>
                <Word id="w_w2aab1b1b4b7b3ab1" language="English" custom="readingOrder {index:0;}">
                    <Coords points="209,782 260,782 260,816 209,816"/>
                    <TextEquiv>
                        <Unicode>las</Unicode>
                    </TextEquiv>
                    <TextStyle fontFamily="Times New Roman" fontSize="9.5"/>
                </Word>
                <Word id="w_w2aab1b1b4b7b3ab9" language="English" custom="readingOrder {index:1;}">
                    <Coords points="279,785 436,785 436,818 279,818"/>
                    <TextEquiv>
                        <Unicode>murallas</Unicode>
                    </TextEquiv>
                    <TextStyle fontFamily="Times New Roman" fontSize="9.5"/>
                </Word>
                <Word id="w_w2aab1b1b4b7b3ac27" language="English" custom="readingOrder {index:2;}">
                    <Coords points="457,786 550,786 550,819 457,819"/>
                    <TextEquiv>
                        <Unicode>hácia</Unicode>
                    </TextEquiv>
                    <TextStyle fontFamily="Times New Roman" fontSize="9.5"/>
                </Word>
                <Word id="w_w2aab1b1b4b7b3ac39" language="English" custom="readingOrder {index:3;}">
                    <Coords points="568,788 598,788 598,821 568,821"/>
                    <TextEquiv>
                        <Unicode>el</Unicode>
                    </TextEquiv>
                    <TextStyle fontFamily="Times New Roman" fontSize="9.5"/>
                </Word>
                <Word id="w_w2aab1b1b4b7b3ac45" language="English" custom="readingOrder {index:4;}">
                    <Coords points="617,798 703,798 703,827 617,827"/>
                    <TextEquiv>
                        <Unicode>mar,</Unicode>
                    </TextEquiv>
                    <TextStyle fontFamily="Times New Roman" fontSize="9.5"/>
                </Word>
                <TextEquiv>
                    <Unicode>las murallas hácia el mar,</Unicode>
                </TextEquiv>
                <TextStyle fontFamily="Times New Roman" fontSize="9.5"/>
            </TextLine>
            <TextLine id="tl_16" primaryLanguage="English" custom="readingOrder {index:2;}">
                <Coords points="208,830 598,830 598,871 208,871"/>
                <Baseline points="208,870 226,870 389,862 598,865"/>
                <Word id="w_w2aab1b1b4b7b5ab1" language="English" custom="readingOrder {index:0;}">
                    <Coords points="208,837 226,837 226,870 208,870"/>
                    <TextEquiv>
                        <Unicode>y</Unicode>
                    </TextEquiv>
                    <TextStyle fontFamily="Times New Roman" fontSize="9.5"/>
                </Word>
                <Word id="w_w2aab1b1b4b7b5ab5" language="English" custom="readingOrder {index:1;}">
                    <Coords points="243,830 389,830 389,862 243,862"/>
                    <TextEquiv>
                        <Unicode>cañones</Unicode>
                    </TextEquiv>
                    <TextStyle fontFamily="Times New Roman" fontSize="9.5"/>
                </Word>
                <Word id="w_w2aab1b1b4b7b5ac21" language="English" custom="readingOrder {index:2;}">
                    <Coords points="406,832 598,832 598,871 406,871"/>
                    <TextEquiv>
                        <Unicode>apuntando</Unicode>
                    </TextEquiv>
                    <TextStyle fontFamily="Times New Roman" fontSize="9.5"/>
                </Word>
                <TextEquiv>
                    <Unicode>y cañones apuntando</Unicode>
                </TextEquiv>
                <TextStyle fontFamily="Times New Roman" fontSize="9.5"/>
            </TextLine>
            <TextLine id="tl_17" primaryLanguage="English" custom="readingOrder {index:3;}">
                <Coords points="206,872 620,872 620,910 206,910"/>
                <Baseline points="206,904 238,904 367,905 424,906 620,910"/>
                <Word id="w_w2aab1b1b4b7b7ab1" language="English" custom="readingOrder {index:0;}">
                    <Coords points="206,872 238,872 238,904 206,904"/>
                    <TextEquiv>
                        <Unicode>al</Unicode>
                    </TextEquiv>
                    <TextStyle fontFamily="Times New Roman" fontSize="9.5"/>
                </Word>
                <Word id="w_w2aab1b1b4b7b7ab7" language="English" custom="readingOrder {index:1;}">
                    <Coords points="257,873 367,873 367,905 257,905"/>
                    <TextEquiv>
                        <Unicode>Peñón</Unicode>
                    </TextEquiv>
                    <TextStyle fontFamily="Times New Roman" fontSize="9.5"/>
                </Word>
                <Word id="w_w2aab1b1b4b7b7ac19" language="English" custom="readingOrder {index:2;}">
                    <Coords points="384,873 424,873 424,906 384,906"/>
                    <TextEquiv>
                        <Unicode>de</Unicode>
                    </TextEquiv>
                    <TextStyle fontFamily="Times New Roman" fontSize="9.5"/>
                </Word>
                <Word id="w_w2aab1b1b4b7b7ac25" language="English" custom="readingOrder {index:3;}">
                    <Coords points="442,874 620,874 620,910 442,910"/>
                    <TextEquiv>
                        <Unicode>Gibraltar.</Unicode>
                    </TextEquiv>
                    <TextStyle fontFamily="Times New Roman" fontSize="9.5"/>
                </Word>
                <TextEquiv>
                    <Unicode>al Peñon de Gibraltar.</Unicode>
                </TextEquiv>
                <TextStyle fontFamily="Times New Roman" fontSize="9.5"/>
            </TextLine>
            <TextEquiv>
                <Unicode>Viva Cádiz porque tiene&#13;
las murallas hácia el mar,&#13;
y cañones apuntando&#13;
al Peñon de Gibraltar.</Unicode>
            </TextEquiv>
        </TextRegion>
        <TextRegion type="paragraph" id="r_1_6" custom="readingOrder {index:5;}">
            <Coords points="205,915 697,915 697,1087 205,1087"/>
            <TextLine id="tl_18" primaryLanguage="English" custom="readingOrder {index:0;}">
                <Coords points="253,916 683,916 683,954 253,954"/>
                <Baseline points="253,948 322,948 434,951 509,952 683,954"/>
                <Word id="w_w2aab1b1b4b9b1ab1" language="English" custom="readingOrder {index:0;}">
                    <Coords points="253,916 322,916 322,949 253,949"/>
                    <TextEquiv>
                        <Unicode>Una</Unicode>
                    </TextEquiv>
                    <TextStyle fontFamily="Times New Roman" fontSize="9.5"/>
                </Word>
                <Word id="w_w2aab1b1b4b9b1ab9" language="English" custom="readingOrder {index:1;}">
                    <Coords points="342,926 434,926 434,951 342,951"/>
                    <TextEquiv>
                        <Unicode>mora</Unicode>
                    </TextEquiv>
                    <TextStyle fontFamily="Times New Roman" fontSize="9.5"/>
                </Word>
                <Word id="w_w2aab1b1b4b9b1ac19" language="English" custom="readingOrder {index:2;}">
                    <Coords points="456,928 509,928 509,952 456,952"/>
                    <TextEquiv>
                        <Unicode>me</Unicode>
                    </TextEquiv>
                    <TextStyle fontFamily="Times New Roman" fontSize="9.5"/>
                </Word>
                <Word id="w_w2aab1b1b4b9b1ac25" language="English" custom="readingOrder {index:3;}">
                    <Coords points="525,929 683,929 683,954 525,954"/>
                    <TextEquiv>
                        <Unicode>enamora</Unicode>
                    </TextEquiv>
                    <TextStyle fontFamily="Times New Roman" fontSize="9.5"/>
                </Word>
                <TextEquiv>
                    <Unicode>Una mora me enamora</Unicode>
                </TextEquiv>
                <TextStyle fontFamily="Times New Roman" fontSize="9.5"/>
            </TextLine>
            <TextLine id="tl_19" primaryLanguage="English" custom="readingOrder {index:1;}">
                <Coords points="206,962 669,962 669,1003 206,1003"/>
                <Baseline points="206,1001 288,993 341,993 452,995 514,996 669,1003"/>
                <Word id="w_w2aab1b1b4b9b3ab1" language="English" custom="readingOrder {index:0;}">
                    <Coords points="206,962 288,962 288,1001 206,1001"/>
                    <TextEquiv>
                        <Unicode>y'no</Unicode>
                    </TextEquiv>
                    <TextStyle fontFamily="Times New Roman" fontSize="9.5"/>
                </Word>
                <Word id="w_w2aab1b1b4b9b3ac11" language="English" custom="readingOrder {index:1;}">
                    <Coords points="306,971 341,971 341,993 306,993"/>
                    <TextEquiv>
                        <Unicode>es</Unicode>
                    </TextEquiv>
                    <TextStyle fontFamily="Times New Roman" fontSize="9.5"/>
                </Word>
                <Word id="w_w2aab1b1b4b9b3ac17" language="English" custom="readingOrder {index:2;}">
                    <Coords points="359,971 452,971 452,995 359,995"/>
                    <TextEquiv>
                        <Unicode>mora</Unicode>
                    </TextEquiv>
                    <TextStyle fontFamily="Times New Roman" fontSize="9.5"/>
                </Word>
                <Word id="w_w2aab1b1b4b9b3ac27" language="English" custom="readingOrder {index:3;}">
                    <Coords points="473,963 514,963 514,996 473,996"/>
                    <TextEquiv>
                        <Unicode>de</Unicode>
                    </TextEquiv>
                    <TextStyle fontFamily="Times New Roman" fontSize="9.5"/>
                </Word>
                <Word id="w_w2aab1b1b4b9b3ac33" language="English" custom="readingOrder {index:4;}">
                    <Coords points="532,965 669,965 669,1003 532,1003"/>
                    <TextEquiv>
                        <Unicode>nación;</Unicode>
                    </TextEquiv>
                    <TextStyle fontFamily="Times New Roman" fontSize="9.5"/>
                </Word>
                <TextEquiv>
                    <Unicode>y no es mora de nacion;</Unicode>
                </TextEquiv>
                <TextStyle fontFamily="Times New Roman" fontSize="9.5"/>
            </TextLine>
            <TextLine id="tl_20" primaryLanguage="English" custom="readingOrder {index:2;}">
                <Coords points="207,1009 696,1009 696,1049 207,1049"/>
                <Baseline points="207,1037 243,1037 356,1037 504,1040 584,1041 696,1043"/>
                <Word id="w_w2aab1b1b4b9b5ab1" language="English" custom="readingOrder {index:0;}">
                    <Coords points="207,1013 243,1013 243,1037 207,1037"/>
                    <TextEquiv>
                        <Unicode>es</Unicode>
                    </TextEquiv>
                    <TextStyle fontFamily="Times New Roman" fontSize="9.5"/>
                </Word>
                <Word id="w_w2aab1b1b4b9b5ab7" language="English" custom="readingOrder {index:1;}">
                    <Coords points="261,1014 356,1014 356,1038 261,1038"/>
                    <TextEquiv>
                        <Unicode>mora</Unicode>
                    </TextEquiv>
                    <TextStyle fontFamily="Times New Roman" fontSize="9.5"/>
                </Word>
                <Word id="w_w2aab1b1b4b9b5ac17" language="English" custom="readingOrder {index:2;}">
                    <Coords points="376,1015 504,1015 504,1049 376,1049"/>
                    <TextEquiv>
                        <Unicode>porque</Unicode>
                    </TextEquiv>
                    <TextStyle fontFamily="Times New Roman" fontSize="9.5"/>
                </Word>
                <Word id="w_w2aab1b1b4b9b5ac31" language="English" custom="readingOrder {index:3;}">
                    <Coords points="520,1009 584,1009 584,1041 520,1041"/>
                    <TextEquiv>
                        <Unicode>ella</Unicode>
                    </TextEquiv>
                    <TextStyle fontFamily="Times New Roman" fontSize="9.5"/>
                </Word>
                <Word id="w_w2aab1b1b4b9b5ac41" language="English" custom="readingOrder {index:4;}">
                    <Coords points="602,1019 696,1019 696,1043 602,1043"/>
                    <TextEquiv>
                        <Unicode>mora</Unicode>
                    </TextEquiv>
                    <TextStyle fontFamily="Times New Roman" fontSize="9.5"/>
                </Word>
                <TextEquiv>
                    <Unicode>es mora porque ella mora</Unicode>
                </TextEquiv>
                <TextStyle fontFamily="Times New Roman" fontSize="9.5"/>
            </TextLine>
            <TextLine id="tl_21" primaryLanguage="English" custom="readingOrder {index:3;}">
                <Coords points="209,1048 626,1048 626,1086 209,1086"/>
                <Baseline points="209,1081 328,1082 389,1083 452,1084 626,1086"/>
                <Word id="w_w2aab1b1b4b9b7ab1" language="English" custom="readingOrder {index:0;}">
                    <Coords points="209,1048 328,1048 328,1082 209,1082"/>
                    <TextEquiv>
                        <Unicode>dentro</Unicode>
                    </TextEquiv>
                    <TextStyle fontFamily="Times New Roman" fontSize="9.5"/>
                </Word>
                <Word id="w_w2aab1b1b4b9b7ac15" language="English" custom="readingOrder {index:1;}">
                    <Coords points="347,1050 389,1050 389,1083 347,1083"/>
                    <TextEquiv>
                        <Unicode>de</Unicode>
                    </TextEquiv>
                    <TextStyle fontFamily="Times New Roman" fontSize="9.5"/>
                </Word>
                <Word id="w_w2aab1b1b4b9b7ac21" language="English" custom="readingOrder {index:2;}">
                    <Coords points="406,1052 452,1052 452,1084 406,1084"/>
                    <TextEquiv>
                        <Unicode>mi</Unicode>
                    </TextEquiv>
                    <TextStyle fontFamily="Times New Roman" fontSize="9.5"/>
                </Word>
                <Word id="w_w2aab1b1b4b9b7ac27" language="English" custom="readingOrder {index:3;}">
                    <Coords points="469,1060 626,1060 626,1086 469,1086"/>
                    <TextEquiv>
                        <Unicode>corazón.</Unicode>
                    </TextEquiv>
                    <TextStyle fontFamily="Times New Roman" fontSize="9.5"/>
                </Word>
                <TextEquiv>
                    <Unicode>dentro de mi corazon.</Unicode>
                </TextEquiv>
                <TextStyle fontFamily="Times New Roman" fontSize="9.5"/>
            </TextLine>
            <TextEquiv>
                <Unicode>Una mora me enamora&#13;
y no es mora de nacion;&#13;
es mora porque ella mora&#13;
dentro de mi corazon.</Unicode>
            </TextEquiv>
        </TextRegion>
        <TextRegion type="paragraph" id="r_1_7" custom="readingOrder {index:6;}">
            <Coords points="205,1092 695,1092 695,1269 205,1269"/>
            <TextLine id="tl_22" primaryLanguage="English" custom="readingOrder {index:0;}">
                <Coords points="252,1093 694,1093 694,1140 252,1140"/>
                <Baseline points="252,1126 333,1127 387,1127 434,1128 518,1128 565,1129 694,1131"/>
                <Word id="w_w2aab1b1b4c11b1ab1" language="English" custom="readingOrder {index:0;}">
                    <Coords points="252,1094 333,1094 333,1127 252,1127"/>
                    <TextEquiv>
                        <Unicode>Eres</Unicode>
                    </TextEquiv>
                    <TextStyle fontFamily="Times New Roman" fontSize="9.5"/>
                </Word>
                <Word id="w_w2aab1b1b4c11b1ac11" language="English" custom="readingOrder {index:1;}">
                    <Coords points="352,1093 387,1093 387,1127 352,1127"/>
                    <TextEquiv>
                        <Unicode>tú</Unicode>
                    </TextEquiv>
                    <TextStyle fontFamily="Times New Roman" fontSize="9.5"/>
                </Word>
                <Word id="w_w2aab1b1b4c11b1ac17" language="English" custom="readingOrder {index:2;}">
                    <Coords points="404,1095 434,1095 434,1128 404,1128"/>
                    <TextEquiv>
                        <Unicode>la</Unicode>
                    </TextEquiv>
                    <TextStyle fontFamily="Times New Roman" fontSize="9.5"/>
                </Word>
                <Word id="w_w2aab1b1b4c11b1ac23" language="English" custom="readingOrder {index:3;}">
                    <Coords points="452,1104 518,1104 518,1138 452,1138"/>
                    <TextEquiv>
                        <Unicode>que</Unicode>
                    </TextEquiv>
                    <TextStyle fontFamily="Times New Roman" fontSize="9.5"/>
                </Word>
                <Word id="w_w2aab1b1b4c11b1ac31" language="English" custom="readingOrder {index:4;}">
                    <Coords points="534,1097 565,1097 565,1129 534,1129"/>
                    <TextEquiv>
                        <Unicode>le</Unicode>
                    </TextEquiv>
                    <TextStyle fontFamily="Times New Roman" fontSize="9.5"/>
                </Word>
                <Word id="w_w2aab1b1b4c11b1ac37" language="English" custom="readingOrder {index:5;}">
                    <Coords points="584,1098 694,1098 694,1140 584,1140"/>
                    <TextEquiv>
                        <Unicode>quitas</Unicode>
                    </TextEquiv>
                    <TextStyle fontFamily="Times New Roman" fontSize="9.5"/>
                </Word>
                <TextEquiv>
                    <Unicode>Eres tú la que le quitas</Unicode>
                </TextEquiv>
                <TextStyle fontFamily="Times New Roman" fontSize="9.5"/>
            </TextLine>
            <TextLine id="tl_23" primaryLanguage="English" custom="readingOrder {index:1;}">
                <Coords points="208,1137 611,1137 611,1181 208,1181"/>
                <Baseline points="208,1169 304,1170 370,1171 482,1171 528,1172 611,1179"/>
                <Word id="w_w2aab1b1b4c11b3ab1" language="English" custom="readingOrder {index:0;}">
                    <Coords points="208,1137 304,1137 304,1170 208,1170"/>
                    <TextEquiv>
                        <Unicode>todos</Unicode>
                    </TextEquiv>
                    <TextStyle fontFamily="Times New Roman" fontSize="9.5"/>
                </Word>
                <Word id="w_w2aab1b1b4c11b3ac13" language="English" custom="readingOrder {index:1;}">
                    <Coords points="321,1137 370,1137 370,1171 321,1171"/>
                    <TextEquiv>
                        <Unicode>los</Unicode>
                    </TextEquiv>
                    <TextStyle fontFamily="Times New Roman" fontSize="9.5"/>
                </Word>
                <Word id="w_w2aab1b1b4c11b3ac21" language="English" custom="readingOrder {index:2;}">
                    <Coords points="387,1147 482,1147 482,1181 387,1181"/>
                    <TextEquiv>
                        <Unicode>rayos</Unicode>
                    </TextEquiv>
                    <TextStyle fontFamily="Times New Roman" fontSize="9.5"/>
                </Word>
                <Word id="w_w2aab1b1b4c11b3ac33" language="English" custom="readingOrder {index:3;}">
                    <Coords points="499,1140 528,1140 528,1173 499,1173"/>
                    <TextEquiv>
                        <Unicode>al</Unicode>
                    </TextEquiv>
                    <TextStyle fontFamily="Times New Roman" fontSize="9.5"/>
                </Word>
                <Word id="w_w2aab1b1b4c11b3ac39" language="English" custom="readingOrder {index:4;}">
                    <Coords points="545,1142 611,1142 611,1179 545,1179"/>
                    <TextEquiv>
                        <Unicode>sol,</Unicode>
                    </TextEquiv>
                    <TextStyle fontFamily="Times New Roman" fontSize="9.5"/>
                </Word>
                <TextEquiv>
                    <Unicode>todos los rayos al sol,</Unicode>
                </TextEquiv>
                <TextStyle fontFamily="Times New Roman" fontSize="9.5"/>
            </TextLine>
            <TextLine id="tl_24" primaryLanguage="English" custom="readingOrder {index:2;}">
                <Coords points="206,1180 621,1180 621,1219 206,1219"/>
                <Baseline points="206,1214 224,1214 273,1215 391,1216 434,1216 621,1219"/>
                <Word id="w_w2aab1b1b4c11b5ab1" language="English" custom="readingOrder {index:0;}">
                    <Coords points="206,1180 224,1180 224,1214 206,1214"/>
                    <TextEquiv>
                        <Unicode>á</Unicode>
                    </TextEquiv>
                    <TextStyle fontFamily="Times New Roman" fontSize="9.5"/>
                </Word>
                <Word id="w_w2aab1b1b4c11b5ab5" language="English" custom="readingOrder {index:1;}">
                    <Coords points="242,1181 273,1181 273,1215 242,1215"/>
                    <TextEquiv>
                        <Unicode>la</Unicode>
                    </TextEquiv>
                    <TextStyle fontFamily="Times New Roman" fontSize="9.5"/>
                </Word>
                <Word id="w_w2aab1b1b4c11b5ac11" language="English" custom="readingOrder {index:2;}">
                    <Coords points="292,1182 391,1182 391,1216 292,1216"/>
                    <TextEquiv>
                        <Unicode>nieve</Unicode>
                    </TextEquiv>
                    <TextStyle fontFamily="Times New Roman" fontSize="9.5"/>
                </Word>
                <Word id="w_w2aab1b1b4c11b5ac23" language="English" custom="readingOrder {index:3;}">
                    <Coords points="407,1182 434,1182 434,1216 407,1216"/>
                    <TextEquiv>
                        <Unicode>la</Unicode>
                    </TextEquiv>
                    <TextStyle fontFamily="Times New Roman" fontSize="9.5"/>
                </Word>
                <Word id="w_w2aab1b1b4c11b5ac29" language="English" custom="readingOrder {index:4;}">
                    <Coords points="454,1183 621,1183 621,1219 454,1219"/>
                    <TextEquiv>
                        <Unicode>blancura</Unicode>
                    </TextEquiv>
                    <TextStyle fontFamily="Times New Roman" fontSize="9.5"/>
                </Word>
                <TextEquiv>
                    <Unicode>á la nieve la blancura</Unicode>
                </TextEquiv>
                <TextStyle fontFamily="Times New Roman" fontSize="9.5"/>
            </TextLine>
            <TextLine id="tl_25" primaryLanguage="English" custom="readingOrder {index:3;}">
                <Coords points="209,1226 667,1226 667,1268 209,1268"/>
                <Baseline points="209,1268 227,1268 260,1259 310,1259 494,1260 547,1261 667,1263"/>
                <Word id="w_w2aab1b1b4c11b7ab1" language="English" custom="readingOrder {index:0;}">
                    <Coords points="209,1235 227,1235 227,1268 209,1268"/>
                    <TextEquiv>
                        <Unicode>y</Unicode>
                    </TextEquiv>
                    <TextStyle fontFamily="Times New Roman" fontSize="9.5"/>
                </Word>
                <Word id="w_w2aab1b1b4c11b7ab5" language="English" custom="readingOrder {index:1;}">
                    <Coords points="245,1226 260,1226 260,1259 245,1259"/>
                    <TextEquiv>
                        <Unicode>á</Unicode>
                    </TextEquiv>
                    <TextStyle fontFamily="Times New Roman" fontSize="9.5"/>
                </Word>
                <Word id="w_w2aab1b1b4c11b7ab9" language="English" custom="readingOrder {index:2;}">
                    <Coords points="280,1226 310,1226 310,1259 280,1259"/>
                    <TextEquiv>
                        <Unicode>la</Unicode>
                    </TextEquiv>
                    <TextStyle fontFamily="Times New Roman" fontSize="9.5"/>
                </Word>
                <Word id="w_w2aab1b1b4c11b7ac15" language="English" custom="readingOrder {index:3;}">
                    <Coords points="330,1235 494,1235 494,1260 330,1260"/>
                    <TextEquiv>
                        <Unicode>manzana</Unicode>
                    </TextEquiv>
                    <TextStyle fontFamily="Times New Roman" fontSize="9.5"/>
                </Word>
                <Word id="w_w2aab1b1b4c11b7ac31" language="English" custom="readingOrder {index:4;}">
                    <Coords points="516,1229 547,1229 547,1262 516,1262"/>
                    <TextEquiv>
                        <Unicode>el</Unicode>
                    </TextEquiv>
                    <TextStyle fontFamily="Times New Roman" fontSize="9.5"/>
                </Word>
                <Word id="w_w2aab1b1b4c11b7ac37" language="English" custom="readingOrder {index:5;}">
                    <Coords points="564,1231 667,1231 667,1263 564,1263"/>
                    <TextEquiv>
                        <Unicode>color.</Unicode>
                    </TextEquiv>
                    <TextStyle fontFamily="Times New Roman" fontSize="9.5"/>
                </Word>
                <TextEquiv>
                    <Unicode>y á la manzana el color.</Unicode>
                </TextEquiv>
                <TextStyle fontFamily="Times New Roman" fontSize="9.5"/>
            </TextLine>
            <TextEquiv>
                <Unicode>Eres tú la que le quitas
todos los rayos al sol,
á la nieve la blancura
y á la manzana el color.</Unicode>
            </TextEquiv>
        </TextRegion>
        <TextRegion type="paragraph" id="r_1_8" custom="readingOrder {index:7;}">
            <Coords points="208,1268 726,1268 726,1493 208,1493"/>
            <TextLine id="tl_26" primaryLanguage="English" custom="readingOrder {index:0;}">
                <Coords points="253,1269 703,1269 703,1316 253,1316"/>
                <Baseline points="253,1303 368,1303 404,1313 560,1306 703,1313"/>
                <Word id="w_w2aab1b1b4c13b1ab1" language="English" custom="readingOrder {index:0;}">
                    <Coords points="253,1269 368,1269 368,1303 253,1303"/>
                    <TextEquiv>
                        <Unicode>Cásale</Unicode>
                    </TextEquiv>
                    <TextStyle fontFamily="Times New Roman" fontSize="9.5"/>
                </Word>
                <Word id="w_w2aab1b1b4c13b1ac15" language="English" custom="readingOrder {index:1;}">
                    <Coords points="388,1281 404,1281 404,1313 388,1313"/>
                    <TextEquiv>
                        <Unicode>y</Unicode>
                    </TextEquiv>
                    <TextStyle fontFamily="Times New Roman" fontSize="9.5"/>
                </Word>
                <Word id="w_w2aab1b1b4c13b1ac19" language="English" custom="readingOrder {index:2;}">
                    <Coords points="425,1272 560,1272 560,1306 425,1306"/>
                    <TextEquiv>
                        <Unicode>tendrás</Unicode>
                    </TextEquiv>
                    <TextStyle fontFamily="Times New Roman" fontSize="9.5"/>
                </Word>
                <Word id="w_w2aab1b1b4c13b1ac35" language="English" custom="readingOrder {index:3;}">
                    <Coords points="581,1275 703,1275 703,1316 581,1316"/>
                    <TextEquiv>
                        <Unicode>mujer,</Unicode>
                    </TextEquiv>
                    <TextStyle fontFamily="Times New Roman" fontSize="9.5"/>
                </Word>
                <TextEquiv>
                    <Unicode>Cásale y tendrás mujer,</Unicode>
                </TextEquiv>
                <TextStyle fontFamily="Times New Roman" fontSize="9.5"/>
            </TextLine>
            <TextLine id="tl_27" primaryLanguage="English" custom="readingOrder {index:1;}">
                <Coords points="209,1313 698,1313 698,1359 209,1359"/>
                <Baseline points="209,1347 236,1346 287,1347 428,1352 518,1350 698,1357"/>
                <Word id="w_w2aab1b1b4c13b3ab1" language="English" custom="readingOrder {index:0;}">
                    <Coords points="209,1313 236,1313 236,1347 209,1347"/>
                    <TextEquiv>
                        <Unicode>si</Unicode>
                    </TextEquiv>
                    <TextStyle fontFamily="Times New Roman" fontSize="9.5"/>
                </Word>
                <Word id="w_w2aab1b1b4c13b3ab7" language="English" custom="readingOrder {index:1;}">
                    <Coords points="253,1323 287,1323 287,1348 253,1348"/>
                    <TextEquiv>
                        <Unicode>es</Unicode>
                    </TextEquiv>
                    <TextStyle fontFamily="Times New Roman" fontSize="9.5"/>
                </Word>
                <Word id="w_w2aab1b1b4c13b3ac13" language="English" custom="readingOrder {index:2;}">
                    <Coords points="304,1313 428,1313 428,1352 304,1352"/>
                    <TextEquiv>
                        <Unicode>bonita,</Unicode>
                    </TextEquiv>
                    <TextStyle fontFamily="Times New Roman" fontSize="9.5"/>
                </Word>
                <Word id="w_w2aab1b1b4c13b3ac29" language="English" custom="readingOrder {index:3;}">
                    <Coords points="456,1326 518,1326 518,1359 456,1359"/>
                    <TextEquiv>
                        <Unicode>que</Unicode>
                    </TextEquiv>
                    <TextStyle fontFamily="Times New Roman" fontSize="9.5"/>
                </Word>
                <Word id="w_w2aab1b1b4c13b3ac37" language="English" custom="readingOrder {index:4;}">
                    <Coords points="539,1320 698,1320 698,1359 539,1359"/>
                    <TextEquiv>
                        <Unicode>guardar,</Unicode>
                    </TextEquiv>
                    <TextStyle fontFamily="Times New Roman" fontSize="9.5"/>
                </Word>
                <TextEquiv>
                    <Unicode>si es bonita, que guardar,</Unicode>
                </TextEquiv>
                <TextStyle fontFamily="Times New Roman" fontSize="9.5"/>
            </TextLine>
            <TextLine id="tl_28" primaryLanguage="English" custom="readingOrder {index:2;}">
                <Coords points="210,1358 666,1358 666,1402 210,1402"/>
                <Baseline points="210,1391 238,1391 291,1392 374,1396 459,1393 666,1401"/>
                <Word id="w_w2aab1b1b4c13b5ab1" language="English" custom="readingOrder {index:0;}">
                    <Coords points="210,1358 238,1358 238,1391 210,1391"/>
                    <TextEquiv>
                        <Unicode>si</Unicode>
                    </TextEquiv>
                    <TextStyle fontFamily="Times New Roman" fontSize="9.5"/>
                </Word>
                <Word id="w_w2aab1b1b4c13b5ab7" language="English" custom="readingOrder {index:1;}">
                    <Coords points="256,1368 291,1368 291,1392 256,1392"/>
                    <TextEquiv>
                        <Unicode>es</Unicode>
                    </TextEquiv>
                    <TextStyle fontFamily="Times New Roman" fontSize="9.5"/>
                </Word>
                <Word id="w_w2aab1b1b4c13b5ac13" language="English" custom="readingOrder {index:2;}">
                    <Coords points="313,1359 374,1359 374,1396 313,1396"/>
                    <TextEquiv>
                        <Unicode>fea,</Unicode>
                    </TextEquiv>
                    <TextStyle fontFamily="Times New Roman" fontSize="9.5"/>
                </Word>
                <Word id="w_w2aab1b1b4c13b5ac23" language="English" custom="readingOrder {index:3;}">
                    <Coords points="393,1369 459,1369 459,1402 393,1402"/>
                    <TextEquiv>
                        <Unicode>que</Unicode>
                    </TextEquiv>
                    <TextStyle fontFamily="Times New Roman" fontSize="9.5"/>
                </Word>
                <Word id="w_w2aab1b1b4c13b5ac31" language="English" custom="readingOrder {index:4;}">
                    <Coords points="477,1362 666,1362 666,1401 477,1401"/>
                    <TextEquiv>
                        <Unicode>aborrecer,</Unicode>
                    </TextEquiv>
                    <TextStyle fontFamily="Times New Roman" fontSize="9.5"/>
                </Word>
                <TextEquiv>
                    <Unicode>si es fea, que aborrecer,</Unicode>
                </TextEquiv>
                <TextStyle fontFamily="Times New Roman" fontSize="9.5"/>
            </TextLine>
            <TextLine id="tl_29" primaryLanguage="English" custom="readingOrder {index:3;}">
                <Coords points="212,1402 689,1402 689,1447 212,1447"/>
                <Baseline points="212,1435 240,1434 291,1435 394,1441 483,1438 689,1445"/>
                <Word id="w_w2aab1b1b4c13b7ab1" language="English" custom="readingOrder {index:0;}">
                    <Coords points="212,1402 240,1402 240,1435 212,1435"/>
                    <TextEquiv>
                        <Unicode>si</Unicode>
                    </TextEquiv>
                    <TextStyle fontFamily="Times New Roman" fontSize="9.5"/>
                </Word>
                <Word id="w_w2aab1b1b4c13b7ab7" language="English" custom="readingOrder {index:1;}">
                    <Coords points="257,1412 291,1412 291,1436 257,1436"/>
                    <TextEquiv>
                        <Unicode>es</Unicode>
                    </TextEquiv>
                    <TextStyle fontFamily="Times New Roman" fontSize="9.5"/>
                </Word>
                <Word id="w_w2aab1b1b4c13b7ac13" language="English" custom="readingOrder {index:2;}">
                    <Coords points="311,1404 394,1404 394,1441 311,1441"/>
                    <TextEquiv>
                        <Unicode>rica,</Unicode>
                    </TextEquiv>
                    <TextStyle fontFamily="Times New Roman" fontSize="9.5"/>
                </Word>
                <Word id="w_w2aab1b1b4c13b7ac25" language="English" custom="readingOrder {index:3;}">
                    <Coords points="417,1414 483,1414 483,1447 417,1447"/>
                    <TextEquiv>
                        <Unicode>que</Unicode>
                    </TextEquiv>
                    <TextStyle fontFamily="Times New Roman" fontSize="9.5"/>
                </Word>
                <Word id="w_w2aab1b1b4c13b7ac33" language="English" custom="readingOrder {index:4;}">
                    <Coords points="500,1410 689,1410 689,1445 500,1445"/>
                    <TextEquiv>
                        <Unicode>contentar,</Unicode>
                    </TextEquiv>
                    <TextStyle fontFamily="Times New Roman" fontSize="9.5"/>
                </Word>
                <TextEquiv>
                    <Unicode>si es rica, que contentar,</Unicode>
                </TextEquiv>
                <TextStyle fontFamily="Times New Roman" fontSize="9.5"/>
            </TextLine>
            <TextLine id="tl_30" primaryLanguage="English" custom="readingOrder {index:4;}">
                <Coords points="211,1447 725,1447 725,1492 211,1492"/>
                <Baseline points="211,1482 238,1480 290,1480 427,1486 513,1483 725,1485"/>
                <Word id="w_w2aab1b1b4c13b9ab1" language="English" custom="readingOrder {index:0;}">
                    <Coords points="211,1447 238,1447 238,1482 211,1482"/>
                    <TextEquiv>
                        <Unicode>si</Unicode>
                    </TextEquiv>
                    <TextStyle fontFamily="Times New Roman" fontSize="9.5"/>
                </Word>
                <Word id="w_w2aab1b1b4c13b9ab7" language="English" custom="readingOrder {index:1;}">
                    <Coords points="257,1456 290,1456 290,1481 257,1481"/>
                    <TextEquiv>
                        <Unicode>es</Unicode>
                    </TextEquiv>
                    <TextStyle fontFamily="Times New Roman" fontSize="9.5"/>
                </Word>
                <Word id="w_w2aab1b1b4c13b9ac13" language="English" custom="readingOrder {index:2;}">
                    <Coords points="311,1448 427,1448 427,1490 311,1490"/>
                    <TextEquiv>
                        <Unicode>pobre,</Unicode>
                    </TextEquiv>
                    <TextStyle fontFamily="Times New Roman" fontSize="9.5"/>
                </Word>
                <Word id="w_w2aab1b1b4c13b9ac27" language="English" custom="readingOrder {index:3;}">
                    <Coords points="448,1459 513,1459 513,1492 448,1492"/>
                    <TextEquiv>
                        <Unicode>que</Unicode>
                    </TextEquiv>
                    <TextStyle fontFamily="Times New Roman" fontSize="9.5"/>
                </Word>
                <Word id="w_w2aab1b1b4c13b9ac35" language="English" custom="readingOrder {index:4;}">
                    <Coords points="536,1455 725,1455 725,1486 536,1486"/>
                    <TextEquiv>
                        <Unicode>mantener.</Unicode>
                    </TextEquiv>
                    <TextStyle fontFamily="Times New Roman" fontSize="9.5"/>
                </Word>
                <TextEquiv>
                    <Unicode>si es pobre, que mantener.</Unicode>
                </TextEquiv>
                <TextStyle fontFamily="Times New Roman" fontSize="9.5"/>
            </TextLine>
            <TextEquiv>
                <Unicode>Cásale y tendrás mujer,
si es bonita, que guardar,
si es fea, que aborrecer,
si es rica, que contentar,
si es pobre, que mantener.</Unicode>
            </TextEquiv>
        </TextRegion>
        <TextRegion type="paragraph" id="r_2_1" custom="readingOrder {index:8;}">
            <Coords points="932,209 1378,209 1378,388 932,388"/>
            <TextLine id="tl_31" primaryLanguage="English" custom="readingOrder {index:0;}">
                <Coords points="977,210 1374,210 1374,249 977,249"/>
                <Baseline points="977,245 1104,249 1192,243 1238,243 1374,248"/>
                <Word id="w_w2aab1b3b2b1b1ab1" language="English" custom="readingOrder {index:0;}">
                    <Coords points="977,211 1104,211 1104,249 977,249"/>
                    <TextEquiv>
                        <Unicode>Salero,</Unicode>
                    </TextEquiv>
                    <TextStyle fontFamily="Times New Roman" fontSize="9.5"/>
                </Word>
                <Word id="w_w2aab1b3b2b1b1ac17" language="English" custom="readingOrder {index:1;}">
                    <Coords points="1122,210 1192,210 1192,243 1122,243"/>
                    <TextEquiv>
                        <Unicode>viva</Unicode>
                    </TextEquiv>
                    <TextStyle fontFamily="Times New Roman" fontSize="9.5"/>
                </Word>
                <Word id="w_w2aab1b3b2b1b1ac27" language="English" custom="readingOrder {index:2;}">
                    <Coords points="1208,210 1238,210 1238,244 1208,244"/>
                    <TextEquiv>
                        <Unicode>el</Unicode>
                    </TextEquiv>
                    <TextStyle fontFamily="Times New Roman" fontSize="9.5"/>
                </Word>
                <Word id="w_w2aab1b3b2b1b1ac33" language="English" custom="readingOrder {index:3;}">
                    <Coords points="1253,210 1374,210 1374,248 1253,248"/>
                    <TextEquiv>
                        <Unicode>salero,</Unicode>
                    </TextEquiv>
                    <TextStyle fontFamily="Times New Roman" fontSize="9.5"/>
                </Word>
                <TextEquiv>
                    <Unicode>Salero, viva el salero,</Unicode>
                </TextEquiv>
                <TextStyle fontFamily="Times New Roman" fontSize="9.5"/>
            </TextLine>
            <TextLine id="tl_32" primaryLanguage="English" custom="readingOrder {index:1;}">
                <Coords points="933,255 1273,255 1273,293 933,293"/>
                <Baseline points="933,288 1057,293 1146,287 1196,288 1273,293"/>
                <Word id="w_w2aab1b3b2b1b3ab1" language="English" custom="readingOrder {index:0;}">
                    <Coords points="933,256 1057,256 1057,293 933,293"/>
                    <TextEquiv>
                        <Unicode>salero,</Unicode>
                    </TextEquiv>
                    <TextStyle fontFamily="Times New Roman" fontSize="9.5"/>
                </Word>
                <Word id="w_w2aab1b3b2b1b3ac17" language="English" custom="readingOrder {index:1;}">
                    <Coords points="1074,256 1146,256 1146,288 1074,288"/>
                    <TextEquiv>
                        <Unicode>viva</Unicode>
                    </TextEquiv>
                    <TextStyle fontFamily="Times New Roman" fontSize="9.5"/>
                </Word>
                <Word id="w_w2aab1b3b2b1b3ac27" language="English" custom="readingOrder {index:2;}">
                    <Coords points="1165,255 1196,255 1196,288 1165,288"/>
                    <TextEquiv>
                        <Unicode>la</Unicode>
                    </TextEquiv>
                    <TextStyle fontFamily="Times New Roman" fontSize="9.5"/>
                </Word>
                <Word id="w_w2aab1b3b2b1b3ac33" language="English" custom="readingOrder {index:3;}">
                    <Coords points="1212,255 1273,255 1273,293 1212,293"/>
                    <TextEquiv>
                        <Unicode>sal,</Unicode>
                    </TextEquiv>
                    <TextStyle fontFamily="Times New Roman" fontSize="9.5"/>
                </Word>
                <TextEquiv>
                    <Unicode>salero, viva la sal,</Unicode>
                </TextEquiv>
                <TextStyle fontFamily="Times New Roman" fontSize="9.5"/>
            </TextLine>
            <TextLine id="tl_33" primaryLanguage="English" custom="readingOrder {index:2;}">
                <Coords points="934,299 1377,299 1377,342 934,342"/>
                <Baseline points="934,342 999,334 1106,333 1160,332 1251,332 1377,332"/>
                <Word id="w_w2aab1b3b2b1b5ab1" language="English" custom="readingOrder {index:0;}">
                    <Coords points="934,310 999,310 999,342 934,342"/>
                    <TextEquiv>
                        <Unicode>que</Unicode>
                    </TextEquiv>
                    <TextStyle fontFamily="Times New Roman" fontSize="9.5"/>
                </Word>
                <Word id="w_w2aab1b3b2b1b5ab9" language="English" custom="readingOrder {index:1;}">
                    <Coords points="1018,300 1106,300 1106,334 1018,334"/>
                    <TextEquiv>
                        <Unicode>tiene</Unicode>
                    </TextEquiv>
                    <TextStyle fontFamily="Times New Roman" fontSize="9.5"/>
                </Word>
                <Word id="w_w2aab1b3b2b1b5ac21" language="English" custom="readingOrder {index:2;}">
                    <Coords points="1121,300 1160,300 1160,332 1121,332"/>
                    <TextEquiv>
                        <Unicode>V.</Unicode>
                    </TextEquiv>
                    <TextStyle fontFamily="Times New Roman" fontSize="9.5"/>
                </Word>
                <Word id="w_w2aab1b3b2b1b5ac27" language="English" custom="readingOrder {index:3;}">
                    <Coords points="1181,308 1251,308 1251,332 1181,332"/>
                    <TextEquiv>
                        <Unicode>mas</Unicode>
                    </TextEquiv>
                    <TextStyle fontFamily="Times New Roman" fontSize="9.5"/>
                </Word>
                <Word id="w_w2aab1b3b2b1b5ac35" language="English" custom="readingOrder {index:4;}">
                    <Coords points="1268,299 1377,299 1377,332 1268,332"/>
                    <TextEquiv>
                        <Unicode>salero</Unicode>
                    </TextEquiv>
                    <TextStyle fontFamily="Times New Roman" fontSize="9.5"/>
                </Word>
                <TextEquiv>
                    <Unicode>que tiene V. mas salero</Unicode>
                </TextEquiv>
                <TextStyle fontFamily="Times New Roman" fontSize="9.5"/>
            </TextLine>
            <TextLine id="tl_34" primaryLanguage="English" custom="readingOrder {index:3;}">
                <Coords points="934,344 1375,344 1375,387 934,387"/>
                <Baseline points="934,387 999,377 1046,376 1173,375 1375,375"/>
                <Word id="w_w2aab1b3b2b1b7ab1" language="English" custom="readingOrder {index:0;}">
                    <Coords points="934,354 999,354 999,387 934,387"/>
                    <TextEquiv>
                        <Unicode>que</Unicode>
                    </TextEquiv>
                    <TextStyle fontFamily="Times New Roman" fontSize="9.5"/>
                </Word>
                <Word id="w_w2aab1b3b2b1b7ab9" language="English" custom="readingOrder {index:1;}">
                    <Coords points="1016,345 1046,345 1046,377 1016,377"/>
                    <TextEquiv>
                        <Unicode>el</Unicode>
                    </TextEquiv>
                    <TextStyle fontFamily="Times New Roman" fontSize="9.5"/>
                </Word>
                <Word id="w_w2aab1b3b2b1b7ac15" language="English" custom="readingOrder {index:2;}">
                    <Coords points="1068,345 1173,345 1173,377 1068,377"/>
                    <TextEquiv>
                        <Unicode>salero</Unicode>
                    </TextEquiv>
                    <TextStyle fontFamily="Times New Roman" fontSize="9.5"/>
                </Word>
                <Word id="w_w2aab1b3b2b1b7ac29" language="English" custom="readingOrder {index:3;}">
                    <Coords points="1192,344 1375,344 1375,377 1192,377"/>
                    <TextEquiv>
                        <Unicode>universal.</Unicode>
                    </TextEquiv>
                    <TextStyle fontFamily="Times New Roman" fontSize="9.5"/>
                </Word>
                <TextEquiv>
                    <Unicode>que el salero universal.</Unicode>
                </TextEquiv>
                <TextStyle fontFamily="Times New Roman" fontSize="9.5"/>
            </TextLine>
            <TextEquiv>
                <Unicode>Salero, viva el salero,
salero, viva la sal,
que tiene V. mas salero
que el salero universal.</Unicode>
            </TextEquiv>
        </TextRegion>
        <TextRegion type="paragraph" id="r_2_2" custom="readingOrder {index:9;}">
            <Coords points="932,387 1434,387 1434,561 932,561"/>
            <TextLine id="tl_35" primaryLanguage="English" custom="readingOrder {index:0;}">
                <Coords points="980,388 1414,388 1414,422 980,422"/>
                <Baseline points="980,421 1011,420 1143,420 1201,421 1252,420 1414,420"/>
                <Word id="w_w2aab1b3b2b3b1ab1" language="English" custom="readingOrder {index:0;}">
                    <Coords points="980,390 1011,390 1011,421 980,421"/>
                    <TextEquiv>
                        <Unicode>El</Unicode>
                    </TextEquiv>
                    <TextStyle fontFamily="Times New Roman" fontSize="9.5"/>
                </Word>
                <Word id="w_w2aab1b3b2b3b1ab7" language="English" custom="readingOrder {index:1;}">
                    <Coords points="1031,398 1143,398 1143,422 1031,422"/>
                    <TextEquiv>
                        <Unicode>marco</Unicode>
                    </TextEquiv>
                    <TextStyle fontFamily="Times New Roman" fontSize="9.5"/>
                </Word>
                <Word id="w_w2aab1b3b2b3b1ac19" language="English" custom="readingOrder {index:2;}">
                    <Coords points="1161,388 1201,388 1201,421 1161,421"/>
                    <TextEquiv>
                        <Unicode>de</Unicode>
                    </TextEquiv>
                    <TextStyle fontFamily="Times New Roman" fontSize="9.5"/>
                </Word>
                <Word id="w_w2aab1b3b2b3b1ac25" language="English" custom="readingOrder {index:3;}">
                    <Coords points="1219,393 1252,393 1252,420 1219,420"/>
                    <TextEquiv>
                        <Unicode>tu</Unicode>
                    </TextEquiv>
                    <TextStyle fontFamily="Times New Roman" fontSize="9.5"/>
                </Word>
                <Word id="w_w2aab1b3b2b3b1ac31" language="English" custom="readingOrder {index:4;}">
                    <Coords points="1271,392 1414,392 1414,420 1271,420"/>
                    <TextEquiv>
                        <Unicode>ventana</Unicode>
                    </TextEquiv>
                    <TextStyle fontFamily="Times New Roman" fontSize="9.5"/>
                </Word>
                <TextEquiv>
                    <Unicode>El marco de tu ventana</Unicode>
                </TextEquiv>
                <TextStyle fontFamily="Times New Roman" fontSize="9.5"/>
            </TextLine>
            <TextLine id="tl_36" primaryLanguage="English" custom="readingOrder {index:1;}">
                <Coords points="936,432 1433,432 1433,470 936,470"/>
                <Baseline points="936,464 1011,465 1095,465 1201,464 1256,464 1433,470"/>
                <Word id="w_w2aab1b3b2b3b3ab1" language="English" custom="readingOrder {index:0;}">
                    <Coords points="936,433 1011,433 1011,465 936,465"/>
                    <TextEquiv>
                        <Unicode>todo</Unicode>
                    </TextEquiv>
                    <TextStyle fontFamily="Times New Roman" fontSize="9.5"/>
                </Word>
                <Word id="w_w2aab1b3b2b3b3ac11" language="English" custom="readingOrder {index:1;}">
                    <Coords points="1030,433 1095,433 1095,465 1030,465"/>
                    <TextEquiv>
                        <Unicode>está</Unicode>
                    </TextEquiv>
                    <TextStyle fontFamily="Times New Roman" fontSize="9.5"/>
                </Word>
                <Word id="w_w2aab1b3b2b3b3ac21" language="English" custom="readingOrder {index:2;}">
                    <Coords points="1114,433 1201,433 1201,465 1114,465"/>
                    <TextEquiv>
                        <Unicode>lleno</Unicode>
                    </TextEquiv>
                    <TextStyle fontFamily="Times New Roman" fontSize="9.5"/>
                </Word>
                <Word id="w_w2aab1b3b2b3b3ac33" language="English" custom="readingOrder {index:3;}">
                    <Coords points="1217,432 1256,432 1256,464 1217,464"/>
                    <TextEquiv>
                        <Unicode>de</Unicode>
                    </TextEquiv>
                    <TextStyle fontFamily="Times New Roman" fontSize="9.5"/>
                </Word>
                <Word id="w_w2aab1b3b2b3b3ac39" language="English" custom="readingOrder {index:4;}">
                    <Coords points="1271,432 1433,432 1433,470 1271,470"/>
                    <TextEquiv>
                        <Unicode>estrellas,</Unicode>
                    </TextEquiv>
                    <TextStyle fontFamily="Times New Roman" fontSize="9.5"/>
                </Word>
                <TextEquiv>
                    <Unicode>todo está lleno de estrellas,</Unicode>
                </TextEquiv>
                <TextStyle fontFamily="Times New Roman" fontSize="9.5"/>
            </TextLine>
            <TextLine id="tl_37" primaryLanguage="English" custom="readingOrder {index:2;}">
                <Coords points="934,474 1357,474 1357,518 934,518"/>
                <Baseline points="934,518 951,518 1014,509 1094,509 1142,509 1289,507 1357,512"/>
                <Word id="w_w2aab1b3b2b3b5ab1" language="English" custom="readingOrder {index:0;}">
                    <Coords points="934,487 951,487 951,518 934,518"/>
                    <TextEquiv>
                        <Unicode>y</Unicode>
                    </TextEquiv>
                    <TextStyle fontFamily="Times New Roman" fontSize="9.5"/>
                </Word>
                <Word id="w_w2aab1b3b2b3b5ab5" language="English" custom="readingOrder {index:1;}">
                    <Coords points="967,477 1014,477 1014,509 967,509"/>
                    <TextEquiv>
                        <Unicode>así</Unicode>
                    </TextEquiv>
                    <TextStyle fontFamily="Times New Roman" fontSize="9.5"/>
                </Word>
                <Word id="w_w2aab1b3b2b3b5ac13" language="English" custom="readingOrder {index:2;}">
                    <Coords points="1030,487 1094,487 1094,518 1030,518"/>
                    <TextEquiv>
                        <Unicode>que</Unicode>
                    </TextEquiv>
                    <TextStyle fontFamily="Times New Roman" fontSize="9.5"/>
                </Word>
                <Word id="w_w2aab1b3b2b3b5ac21" language="English" custom="readingOrder {index:3;}">
                    <Coords points="1113,482 1142,482 1142,509 1113,509"/>
                    <TextEquiv>
                        <Unicode>te</Unicode>
                    </TextEquiv>
                    <TextStyle fontFamily="Times New Roman" fontSize="9.5"/>
                </Word>
                <Word id="w_w2aab1b3b2b3b5ac27" language="English" custom="readingOrder {index:4;}">
                    <Coords points="1160,485 1289,485 1289,509 1160,509"/>
                    <TextEquiv>
                        <Unicode>asomas</Unicode>
                    </TextEquiv>
                    <TextStyle fontFamily="Times New Roman" fontSize="9.5"/>
                </Word>
                <Word id="w_w2aab1b3b2b3b5ac41" language="English" custom="readingOrder {index:5;}">
                    <Coords points="1308,474 1357,474 1357,512 1308,512"/>
                    <TextEquiv>
                        <Unicode>tú,</Unicode>
                    </TextEquiv>
                    <TextStyle fontFamily="Times New Roman" fontSize="9.5"/>
                </Word>
                <TextEquiv>
                    <Unicode>y así que te asomas tú,</Unicode>
                </TextEquiv>
                <TextStyle fontFamily="Times New Roman" fontSize="9.5"/>
            </TextLine>
            <TextLine id="tl_38" primaryLanguage="English" custom="readingOrder {index:3;}">
                <Coords points="933,520 1410,520 1410,560 933,560"/>
                <Baseline points="933,554 1000,554 1046,553 1124,559 1158,560 1214,552 1296,552 1410,550"/>
                <Word id="w_w2aab1b3b2b3b7ab1" language="English" custom="readingOrder {index:0;}">
                    <Coords points="933,520 1000,520 1000,554 933,554"/>
                    <TextEquiv>
                        <Unicode>sale</Unicode>
                    </TextEquiv>
                    <TextStyle fontFamily="Times New Roman" fontSize="9.5"/>
                </Word>
                <Word id="w_w2aab1b3b2b3b7ac11" language="English" custom="readingOrder {index:1;}">
                    <Coords points="1018,524 1046,524 1046,554 1018,554"/>
                    <TextEquiv>
                        <Unicode>el</Unicode>
                    </TextEquiv>
                    <TextStyle fontFamily="Times New Roman" fontSize="9.5"/>
                </Word>
                <Word id="w_w2aab1b3b2b3b7ac17" language="English" custom="readingOrder {index:2;}">
                    <Coords points="1064,521 1124,521 1124,559 1064,559"/>
                    <TextEquiv>
                        <Unicode>sol,</Unicode>
                    </TextEquiv>
                    <TextStyle fontFamily="Times New Roman" fontSize="9.5"/>
                </Word>
                <Word id="w_w2aab1b3b2b3b7ac27" language="English" custom="readingOrder {index:3;}">
                    <Coords points="1143,530 1158,530 1158,560 1143,560"/>
                    <TextEquiv>
                        <Unicode>y</Unicode>
                    </TextEquiv>
                    <TextStyle fontFamily="Times New Roman" fontSize="9.5"/>
                </Word>
                <Word id="w_w2aab1b3b2b3b7ac31" language="English" custom="readingOrder {index:4;}">
                    <Coords points="1178,530 1214,530 1214,552 1178,552"/>
                    <TextEquiv>
                        <Unicode>se</Unicode>
                    </TextEquiv>
                    <TextStyle fontFamily="Times New Roman" fontSize="9.5"/>
                </Word>
                <Word id="w_w2aab1b3b2b3b7ac37" language="English" custom="readingOrder {index:5;}">
                    <Coords points="1234,530 1296,530 1296,553 1234,553"/>
                    <TextEquiv>
                        <Unicode>van</Unicode>
                    </TextEquiv>
                    <TextStyle fontFamily="Times New Roman" fontSize="9.5"/>
                </Word>
                <Word id="w_w2aab1b3b2b3b7ac45" language="English" custom="readingOrder {index:6;}">
                    <Coords points="1316,521 1410,521 1410,553 1316,553"/>
                    <TextEquiv>
                        <Unicode>ellas.</Unicode>
                    </TextEquiv>
                    <TextStyle fontFamily="Times New Roman" fontSize="9.5"/>
                </Word>
                <TextEquiv>
                    <Unicode>sale el sol, y se van ellas.</Unicode>
                </TextEquiv>
                <TextStyle fontFamily="Times New Roman" fontSize="9.5"/>
            </TextLine>
            <TextEquiv>
                <Unicode>El marco de tu ventana
todo está lleno de estrellas,
y así que te asomas tú,
sale el sol, y se van ellas.</Unicode>
            </TextEquiv>
        </TextRegion>
        <TextRegion type="paragraph" id="r_2_3" custom="readingOrder {index:10;}">
            <Coords points="930,562 1613,562 1613,740 930,740"/>
            <TextLine id="tl_39" primaryLanguage="English" custom="readingOrder {index:0;}">
                <Coords points="979,563 1612,563 1612,607 979,607"/>
                <Baseline points="979,598 1112,598 1170,597 1243,597 1327,596 1386,597 1450,597 1612,598"/>
                <Word id="w_w2aab1b3b2b5b1ab1" language="English" custom="readingOrder {index:0;}">
                    <Coords points="979,566 1112,566 1112,598 979,598"/>
                    <TextEquiv>
                        <Unicode>Cuando</Unicode>
                    </TextEquiv>
                    <TextStyle fontFamily="Times New Roman" fontSize="9.5"/>
                </Word>
                <Word id="w_w2aab1b3b2b5b1ac15" language="English" custom="readingOrder {index:1;}">
                    <Coords points="1130,575 1170,575 1170,597 1130,597"/>
                    <TextEquiv>
                        <Unicode>en</Unicode>
                    </TextEquiv>
                    <TextStyle fontFamily="Times New Roman" fontSize="9.5"/>
                </Word>
                <Word id="w_w2aab1b3b2b5b1ac21" language="English" custom="readingOrder {index:2;}">
                    <Coords points="1194,565 1243,565 1243,597 1194,597"/>
                    <TextEquiv>
                        <Unicode>los</Unicode>
                    </TextEquiv>
                    <TextStyle fontFamily="Times New Roman" fontSize="9.5"/>
                </Word>
                <Word id="w_w2aab1b3b2b5b1ac29" language="English" custom="readingOrder {index:3;}">
                    <Coords points="1259,563 1327,563 1327,607 1259,607"/>
                    <TextEquiv>
                        <Unicode>ojos</Unicode>
                    </TextEquiv>
                    <TextStyle fontFamily="Times New Roman" fontSize="9.5"/>
                </Word>
                <Word id="w_w2aab1b3b2b5b1ac39" language="English" custom="readingOrder {index:4;}">
                    <Coords points="1347,565 1386,565 1386,597 1347,597"/>
                    <TextEquiv>
                        <Unicode>de</Unicode>
                    </TextEquiv>
                    <TextStyle fontFamily="Times New Roman" fontSize="9.5"/>
                </Word>
                <Word id="w_w2aab1b3b2b5b1ac45" language="English" custom="readingOrder {index:5;}">
                    <Coords points="1405,575 1450,575 1450,597 1405,597"/>
                    <TextEquiv>
                        <Unicode>un</Unicode>
                    </TextEquiv>
                    <TextStyle fontFamily="Times New Roman" fontSize="9.5"/>
                </Word>
                <Word id="w_w2aab1b3b2b5b1ac51" language="English" custom="readingOrder {index:6;}">
                    <Coords points="1470,564 1612,564 1612,598 1470,598"/>
                    <TextEquiv>
                        <Unicode>hombre</Unicode>
                    </TextEquiv>
                    <TextStyle fontFamily="Times New Roman" fontSize="9.5"/>
                </Word>
                <TextEquiv>
                    <Unicode>Cuando en los ojos de un hombre</Unicode>
                </TextEquiv>
                <TextStyle fontFamily="Times New Roman" fontSize="9.5"/>
            </TextLine>
            <TextLine id="tl_40" primaryLanguage="English" custom="readingOrder {index:1;}">
                <Coords points="933,608 1439,608 1439,652 933,652"/>
                <Baseline points="933,641 1132,642 1268,641 1439,647"/>
                <Word id="w_w2aab1b3b2b5b3ab1" language="English" custom="readingOrder {index:0;}">
                    <Coords points="933,609 1132,609 1132,652 933,652"/>
                    <TextEquiv>
                        <Unicode>sorprendas</Unicode>
                    </TextEquiv>
                    <TextStyle fontFamily="Times New Roman" fontSize="9.5"/>
                </Word>
                <Word id="w_w2aab1b3b2b5b3ac23" language="English" custom="readingOrder {index:1;}">
                    <Coords points="1148,609 1268,609 1268,650 1148,650"/>
                    <TextEquiv>
                        <Unicode>alguna</Unicode>
                    </TextEquiv>
                    <TextStyle fontFamily="Times New Roman" fontSize="9.5"/>
                </Word>
                <Word id="w_w2aab1b3b2b5b3ac37" language="English" custom="readingOrder {index:2;}">
                    <Coords points="1288,608 1439,608 1439,651 1288,651"/>
                    <TextEquiv>
                        <Unicode>lágrima,</Unicode>
                    </TextEquiv>
                    <TextStyle fontFamily="Times New Roman" fontSize="9.5"/>
                </Word>
                <TextEquiv>
                    <Unicode>sorprendas alguna lágrima,</Unicode>
                </TextEquiv>
                <TextStyle fontFamily="Times New Roman" fontSize="9.5"/>
            </TextLine>
            <TextLine id="tl_41" primaryLanguage="English" custom="readingOrder {index:2;}">
                <Coords points="931,653 1413,653 1413,696 931,696"/>
                <Baseline points="931,686 1134,687 1180,685 1413,685"/>
                <Word id="w_w2aab1b3b2b5b5ab1" language="English" custom="readingOrder {index:0;}">
                    <Coords points="931,654 1134,654 1134,696 931,696"/>
                    <TextEquiv>
                        <Unicode>compadece</Unicode>
                    </TextEquiv>
                    <TextStyle fontFamily="Times New Roman" fontSize="9.5"/>
                </Word>
                <Word id="w_w2aab1b3b2b5b5ac21" language="English" custom="readingOrder {index:1;}">
                    <Coords points="1151,654 1180,654 1180,685 1151,685"/>
                    <TextEquiv>
                        <Unicode>al</Unicode>
                    </TextEquiv>
                    <TextStyle fontFamily="Times New Roman" fontSize="9.5"/>
                </Word>
                <Word id="w_w2aab1b3b2b5b5ac27" language="English" custom="readingOrder {index:2;}">
                    <Coords points="1200,653 1413,653 1413,694 1200,694"/>
                    <TextEquiv>
                        <Unicode>desgraciado</Unicode>
                    </TextEquiv>
                    <TextStyle fontFamily="Times New Roman" fontSize="9.5"/>
                </Word>
                <TextEquiv>
                    <Unicode>compadece al desgraciado</Unicode>
                </TextEquiv>
                <TextStyle fontFamily="Times New Roman" fontSize="9.5"/>
            </TextLine>
            <TextLine id="tl_42" primaryLanguage="English" custom="readingOrder {index:3;}">
                <Coords points="931,697 1388,697 1388,739 931,739"/>
                <Baseline points="931,731 981,731 1213,730 1257,729 1388,729"/>
                <Word id="w_w2aab1b3b2b5b7ab1" language="English" custom="readingOrder {index:0;}">
                    <Coords points="931,698 981,698 981,731 931,731"/>
                    <TextEquiv>
                        <Unicode>sin</Unicode>
                    </TextEquiv>
                    <TextStyle fontFamily="Times New Roman" fontSize="9.5"/>
                </Word>
                <Word id="w_w2aab1b3b2b5b7ab9" language="English" custom="readingOrder {index:1;}">
                    <Coords points="999,697 1213,697 1213,739 999,739"/>
                    <TextEquiv>
                        <Unicode>preguntarle</Unicode>
                    </TextEquiv>
                    <TextStyle fontFamily="Times New Roman" fontSize="9.5"/>
                </Word>
                <Word id="w_w2aab1b3b2b5b7ac33" language="English" custom="readingOrder {index:2;}">
                    <Coords points="1228,698 1257,698 1257,730 1228,730"/>
                    <TextEquiv>
                        <Unicode>la</Unicode>
                    </TextEquiv>
                    <TextStyle fontFamily="Times New Roman" fontSize="9.5"/>
                </Word>
                <Word id="w_w2aab1b3b2b5b7ac39" language="English" custom="readingOrder {index:3;}">
                    <Coords points="1275,707 1388,707 1388,730 1275,730"/>
                    <TextEquiv>
                        <Unicode>causa.</Unicode>
                    </TextEquiv>
                    <TextStyle fontFamily="Times New Roman" fontSize="9.5"/>
                </Word>
                <TextEquiv>
                    <Unicode>sin preguntarle la causa.</Unicode>
                </TextEquiv>
                <TextStyle fontFamily="Times New Roman" fontSize="9.5"/>
            </TextLine>
            <TextEquiv>
                <Unicode>Cuando en los ojos de un hombre
sorprendas alguna lágrima,
compadece al desgraciado
sin preguntarle la causa.</Unicode>
            </TextEquiv>
        </TextRegion>
        <TextRegion type="paragraph" id="r_2_4" custom="readingOrder {index:11;}">
            <Coords points="930,740 1439,740 1439,909 930,909"/>
            <TextLine id="tl_43" primaryLanguage="English" custom="readingOrder {index:0;}">
                <Coords points="974,741 1411,741 1411,776 974,776"/>
                <Baseline points="974,774 1006,774 1079,774 1197,774 1230,774 1315,773 1411,774"/>
                <Word id="w_w2aab1b3b2b7b1ab1" language="English" custom="readingOrder {index:0;}">
                    <Coords points="974,742 1006,742 1006,774 974,774"/>
                    <TextEquiv>
                        <Unicode>Si</Unicode>
                    </TextEquiv>
                    <TextStyle fontFamily="Times New Roman" fontSize="9.5"/>
                </Word>
                <Word id="w_w2aab1b3b2b7b1ab7" language="English" custom="readingOrder {index:1;}">
                    <Coords points="1025,752 1079,752 1079,774 1025,774"/>
                    <TextEquiv>
                        <Unicode>ves</Unicode>
                    </TextEquiv>
                    <TextStyle fontFamily="Times New Roman" fontSize="9.5"/>
                </Word>
                <Word id="w_w2aab1b3b2b7b1ac15" language="English" custom="readingOrder {index:2;}">
                    <Coords points="1096,743 1197,743 1197,776 1096,776"/>
                    <TextEquiv>
                        <Unicode>llorar</Unicode>
                    </TextEquiv>
                    <TextStyle fontFamily="Times New Roman" fontSize="9.5"/>
                </Word>
                <Word id="w_w2aab1b3b2b7b1ac29" language="English" custom="readingOrder {index:3;}">
                    <Coords points="1214,742 1230,742 1230,774 1214,774"/>
                    <TextEquiv>
                        <Unicode>á</Unicode>
                    </TextEquiv>
                    <TextStyle fontFamily="Times New Roman" fontSize="9.5"/>
                </Word>
                <Word id="w_w2aab1b3b2b7b1ac33" language="English" custom="readingOrder {index:4;}">
                    <Coords points="1249,750 1315,750 1315,773 1249,773"/>
                    <TextEquiv>
                        <Unicode>una</Unicode>
                    </TextEquiv>
                    <TextStyle fontFamily="Times New Roman" fontSize="9.5"/>
                </Word>
                <Word id="w_w2aab1b3b2b7b1ac41" language="English" custom="readingOrder {index:5;}">
                    <Coords points="1330,741 1411,741 1411,774 1330,774"/>
                    <TextEquiv>
                        <Unicode>niña</Unicode>
                    </TextEquiv>
                    <TextStyle fontFamily="Times New Roman" fontSize="9.5"/>
                </Word>
                <TextEquiv>
                    <Unicode>Si ves llorar á una niña</Unicode>
                </TextEquiv>
                <TextStyle fontFamily="Times New Roman" fontSize="9.5"/>
            </TextLine>
            <TextLine id="tl_44" primaryLanguage="English" custom="readingOrder {index:1;}">
                <Coords points="931,785 1432,785 1432,823 931,823"/>
                <Baseline points="931,819 1121,818 1183,818 1245,818 1432,823"/>
                <Word id="w_w2aab1b3b2b7b3ab1" language="English" custom="readingOrder {index:0;}">
                    <Coords points="931,786 1121,786 1121,819 931,819"/>
                    <TextEquiv>
                        <Unicode>consuélala</Unicode>
                    </TextEquiv>
                    <TextStyle fontFamily="Times New Roman" fontSize="9.5"/>
                </Word>
                <Word id="w_w2aab1b3b2b7b3ac23" language="English" custom="readingOrder {index:1;}">
                    <Coords points="1143,795 1183,795 1183,819 1143,819"/>
                    <TextEquiv>
                        <Unicode>en</Unicode>
                    </TextEquiv>
                    <TextStyle fontFamily="Times New Roman" fontSize="9.5"/>
                </Word>
                <Word id="w_w2aab1b3b2b7b3ac29" language="English" custom="readingOrder {index:2;}">
                    <Coords points="1207,796 1245,796 1245,818 1207,818"/>
                    <TextEquiv>
                        <Unicode>su</Unicode>
                    </TextEquiv>
                    <TextStyle fontFamily="Times New Roman" fontSize="9.5"/>
                </Word>
                <Word id="w_w2aab1b3b2b7b3ac35" language="English" custom="readingOrder {index:3;}">
                    <Coords points="1263,785 1432,785 1432,823 1263,823"/>
                    <TextEquiv>
                        <Unicode>aflicción,</Unicode>
                    </TextEquiv>
                    <TextStyle fontFamily="Times New Roman" fontSize="9.5"/>
                </Word>
                <TextEquiv>
                    <Unicode>consuélala en su afliccion,</Unicode>
                </TextEquiv>
                <TextStyle fontFamily="Times New Roman" fontSize="9.5"/>
            </TextLine>
            <TextLine id="tl_45" primaryLanguage="English" custom="readingOrder {index:2;}">
                <Coords points="932,830 1438,830 1438,873 932,873"/>
                <Baseline points="932,873 998,864 1063,863 1236,862 1315,863 1438,863"/>
                <Word id="w_w2aab1b3b2b7b5ab1" language="English" custom="readingOrder {index:0;}">
                    <Coords points="932,841 998,841 998,873 932,873"/>
                    <TextEquiv>
                        <Unicode>que</Unicode>
                    </TextEquiv>
                    <TextStyle fontFamily="Times New Roman" fontSize="9.5"/>
                </Word>
                <Word id="w_w2aab1b3b2b7b5ab9" language="English" custom="readingOrder {index:1;}">
                    <Coords points="1016,832 1063,832 1063,863 1016,863"/>
                    <TextEquiv>
                        <Unicode>las</Unicode>
                    </TextEquiv>
                    <TextStyle fontFamily="Times New Roman" fontSize="9.5"/>
                </Word>
                <Word id="w_w2aab1b3b2b7b5ac17" language="English" custom="readingOrder {index:2;}">
                    <Coords points="1081,831 1236,831 1236,873 1081,873"/>
                    <TextEquiv>
                        <Unicode>lágrimas</Unicode>
                    </TextEquiv>
                    <TextStyle fontFamily="Times New Roman" fontSize="9.5"/>
                </Word>
                <Word id="w_w2aab1b3b2b7b5ac35" language="English" custom="readingOrder {index:3;}">
                    <Coords points="1250,839 1315,839 1315,872 1250,872"/>
                    <TextEquiv>
                        <Unicode>que</Unicode>
                    </TextEquiv>
                    <TextStyle fontFamily="Times New Roman" fontSize="9.5"/>
                </Word>
                <Word id="w_w2aab1b3b2b7b5ac43" language="English" custom="readingOrder {index:4;}">
                    <Coords points="1334,830 1438,830 1438,863 1334,863"/>
                    <TextEquiv>
                        <Unicode>vierte</Unicode>
                    </TextEquiv>
                    <TextStyle fontFamily="Times New Roman" fontSize="9.5"/>
                </Word>
                <TextEquiv>
                    <Unicode>que las lágrimas que vierte</Unicode>
                </TextEquiv>
                <TextStyle fontFamily="Times New Roman" fontSize="9.5"/>
            </TextLine>
            <TextLine id="tl_46" primaryLanguage="English" custom="readingOrder {index:3;}">
                <Coords points="931,874 1356,874 1356,908 931,908"/>
                <Baseline points="931,908 966,908 1182,906 1229,906 1356,906"/>
                <Word id="w_w2aab1b3b2b7b7ab1" language="English" custom="readingOrder {index:0;}">
                    <Coords points="931,885 966,885 966,908 931,908"/>
                    <TextEquiv>
                        <Unicode>se</Unicode>
                    </TextEquiv>
                    <TextStyle fontFamily="Times New Roman" fontSize="9.5"/>
                </Word>
                <Word id="w_w2aab1b3b2b7b7ab7" language="English" custom="readingOrder {index:1;}">
                    <Coords points="982,875 1182,875 1182,908 982,908"/>
                    <TextEquiv>
                        <Unicode>las'arranca</Unicode>
                    </TextEquiv>
                    <TextStyle fontFamily="Times New Roman" fontSize="9.5"/>
                </Word>
                <Word id="w_w2aab1b3b2b7b7ac31" language="English" custom="readingOrder {index:2;}">
                    <Coords points="1200,874 1229,874 1229,907 1200,907"/>
                    <TextEquiv>
                        <Unicode>el</Unicode>
                    </TextEquiv>
                    <TextStyle fontFamily="Times New Roman" fontSize="9.5"/>
                </Word>
                <Word id="w_w2aab1b3b2b7b7ac37" language="English" custom="readingOrder {index:3;}">
                    <Coords points="1247,883 1356,883 1356,906 1247,906"/>
                    <TextEquiv>
                        <Unicode>amor.</Unicode>
                    </TextEquiv>
                    <TextStyle fontFamily="Times New Roman" fontSize="9.5"/>
                </Word>
                <TextEquiv>
                    <Unicode>se las arranca el amor.</Unicode>
                </TextEquiv>
                <TextStyle fontFamily="Times New Roman" fontSize="9.5"/>
            </TextLine>
            <TextEquiv>
                <Unicode>Si ves llorar á una niña&#13;
consuélala en su afliccion,&#13;
que las lágrimas que vierte&#13;
se las arranca el amor.</Unicode>
            </TextEquiv>
        </TextRegion>
        <TextRegion type="paragraph" id="r_2_5" custom="readingOrder {index:12;}">
            <Coords points="930,917 1457,917 1457,1096 930,1096"/>
            <TextLine id="tl_47" primaryLanguage="English" custom="readingOrder {index:0;}">
                <Coords points="976,918 1456,918 1456,960 976,960"/>
                <Baseline points="976,952 1113,952 1172,952 1290,950 1456,952"/>
                <Word id="w_w2aab1b3b2b9b1ab1" language="English" custom="readingOrder {index:0;}">
                    <Coords points="976,919 1113,919 1113,952 976,952"/>
                    <TextEquiv>
                        <Unicode>Cuando</Unicode>
                    </TextEquiv>
                    <TextStyle fontFamily="Times New Roman" fontSize="9.5"/>
                </Word>
                <Word id="w_w2aab1b3b2b9b1ac15" language="English" custom="readingOrder {index:1;}">
                    <Coords points="1125,920 1172,920 1172,952 1125,952"/>
                    <TextEquiv>
                        <Unicode>las</Unicode>
                    </TextEquiv>
                    <TextStyle fontFamily="Times New Roman" fontSize="9.5"/>
                </Word>
                <Word id="w_w2aab1b3b2b9b1ac23" language="English" custom="readingOrder {index:2;}">
                    <Coords points="1189,918 1290,918 1290,960 1189,960"/>
                    <TextEquiv>
                        <Unicode>viejas</Unicode>
                    </TextEquiv>
                    <TextStyle fontFamily="Times New Roman" fontSize="9.5"/>
                </Word>
                <Word id="w_w2aab1b3b2b9b1ac37" language="English" custom="readingOrder {index:3;}">
                    <Coords points="1306,918 1456,918 1456,952 1306,952"/>
                    <TextEquiv>
                        <Unicode>sollozan</Unicode>
                    </TextEquiv>
                    <TextStyle fontFamily="Times New Roman" fontSize="9.5"/>
                </Word>
                <TextEquiv>
                    <Unicode>Cuando las viejas sollozan</Unicode>
                </TextEquiv>
                <TextStyle fontFamily="Times New Roman" fontSize="9.5"/>
            </TextLine>
            <TextLine id="tl_48" primaryLanguage="English" custom="readingOrder {index:1;}">
                <Coords points="932,963 1425,963 1425,1000 932,1000"/>
                <Baseline points="932,996 976,996 1032,996 1098,996 1200,996 1316,995 1425,1000"/>
                <Word id="w_w2aab1b3b2b9b3ab1" language="English" custom="readingOrder {index:0;}">
                    <Coords points="932,973 976,973 976,996 932,996"/>
                    <TextEquiv>
                        <Unicode>no</Unicode>
                    </TextEquiv>
                    <TextStyle fontFamily="Times New Roman" fontSize="9.5"/>
                </Word>
                <Word id="w_w2aab1b3b2b9b3ab7" language="English" custom="readingOrder {index:1;}">
                    <Coords points="997,973 1032,973 1032,996 997,996"/>
                    <TextEquiv>
                        <Unicode>se</Unicode>
                    </TextEquiv>
                    <TextStyle fontFamily="Times New Roman" fontSize="9.5"/>
                </Word>
                <Word id="w_w2aab1b3b2b9b3ac13" language="English" custom="readingOrder {index:2;}">
                    <Coords points="1050,963 1098,963 1098,996 1050,996"/>
                    <TextEquiv>
                        <Unicode>las</Unicode>
                    </TextEquiv>
                    <TextStyle fontFamily="Times New Roman" fontSize="9.5"/>
                </Word>
                <Word id="w_w2aab1b3b2b9b3ac21" language="English" custom="readingOrder {index:3;}">
                    <Coords points="1115,963 1200,963 1200,996 1115,996"/>
                    <TextEquiv>
                        <Unicode>debe</Unicode>
                    </TextEquiv>
                    <TextStyle fontFamily="Times New Roman" fontSize="9.5"/>
                </Word>
                <Word id="w_w2aab1b3b2b9b3ac31" language="English" custom="readingOrder {index:4;}">
                    <Coords points="1214,963 1316,963 1316,995 1214,995"/>
                    <TextEquiv>
                        <Unicode>hacer</Unicode>
                    </TextEquiv>
                    <TextStyle fontFamily="Times New Roman" fontSize="9.5"/>
                </Word>
                <Word id="w_w2aab1b3b2b9b3ac43" language="English" custom="readingOrder {index:5;}">
                    <Coords points="1334,972 1425,972 1425,1000 1334,1000"/>
                    <TextEquiv>
                        <Unicode>caso,</Unicode>
                    </TextEquiv>
                    <TextStyle fontFamily="Times New Roman" fontSize="9.5"/>
                </Word>
                <TextEquiv>
                    <Unicode>no se las debe hacer caso,</Unicode>
                </TextEquiv>
                <TextStyle fontFamily="Times New Roman" fontSize="9.5"/>
            </TextLine>
            <TextLine id="tl_49" primaryLanguage="English" custom="readingOrder {index:2;}">
                <Coords points="931,1006 1407,1006 1407,1051 931,1051"/>
                <Baseline points="931,1051 1014,1040 1100,1041 1221,1039 1286,1040 1407,1040"/>
                <Word id="w_w2aab1b3b2b9b5ab1" language="English" custom="readingOrder {index:0;}">
                    <Coords points="931,1017 1014,1017 1014,1051 931,1051"/>
                    <TextEquiv>
                        <Unicode>pues</Unicode>
                    </TextEquiv>
                    <TextStyle fontFamily="Times New Roman" fontSize="9.5"/>
                </Word>
                <Word id="w_w2aab1b3b2b9b5ac11" language="English" custom="readingOrder {index:1;}">
                    <Coords points="1032,1007 1100,1007 1100,1041 1032,1041"/>
                    <TextEquiv>
                        <Unicode>solo</Unicode>
                    </TextEquiv>
                    <TextStyle fontFamily="Times New Roman" fontSize="9.5"/>
                </Word>
                <Word id="w_w2aab1b3b2b9b5ac21" language="English" custom="readingOrder {index:2;}">
                    <Coords points="1115,1008 1221,1008 1221,1041 1115,1041"/>
                    <TextEquiv>
                        <Unicode>lloran</Unicode>
                    </TextEquiv>
                    <TextStyle fontFamily="Times New Roman" fontSize="9.5"/>
                </Word>
                <Word id="w_w2aab1b3b2b9b5ac35" language="English" custom="readingOrder {index:3;}">
                    <Coords points="1240,1007 1286,1007 1286,1040 1240,1040"/>
                    <TextEquiv>
                        <Unicode>las</Unicode>
                    </TextEquiv>
                    <TextStyle fontFamily="Times New Roman" fontSize="9.5"/>
                </Word>
                <Word id="w_w2aab1b3b2b9b5ac43" language="English" custom="readingOrder {index:4;}">
                    <Coords points="1301,1006 1407,1006 1407,1049 1301,1049"/>
                    <TextEquiv>
                        <Unicode>viejas</Unicode>
                    </TextEquiv>
                    <TextStyle fontFamily="Times New Roman" fontSize="9.5"/>
                </Word>
                <TextEquiv>
                    <Unicode>pues solo lloran las viejas</Unicode>
                </TextEquiv>
                <TextStyle fontFamily="Times New Roman" fontSize="9.5"/>
            </TextLine>
            <TextLine id="tl_50" primaryLanguage="English" custom="readingOrder {index:3;}">
                <Coords points="931,1051 1321,1051 1321,1095 931,1095"/>
                <Baseline points="931,1086 962,1085 1120,1085 1172,1085 1321,1084"/>
                <Word id="w_w2aab1b3b2b9b7ab1" language="English" custom="readingOrder {index:0;}">
                    <Coords points="931,1053 962,1053 962,1086 931,1086"/>
                    <TextEquiv>
                        <Unicode>al</Unicode>
                    </TextEquiv>
                    <TextStyle fontFamily="Times New Roman" fontSize="9.5"/>
                </Word>
                <Word id="w_w2aab1b3b2b9b7ab7" language="English" custom="readingOrder {index:1;}">
                    <Coords points="981,1052 1120,1052 1120,1086 981,1086"/>
                    <TextEquiv>
                        <Unicode>recodar</Unicode>
                    </TextEquiv>
                    <TextStyle fontFamily="Times New Roman" fontSize="9.5"/>
                </Word>
                <Word id="w_w2aab1b3b2b9b7ac23" language="English" custom="readingOrder {index:2;}">
                    <Coords points="1132,1062 1172,1062 1172,1085 1132,1085"/>
                    <TextEquiv>
                        <Unicode>su</Unicode>
                    </TextEquiv>
                    <TextStyle fontFamily="Times New Roman" fontSize="9.5"/>
                </Word>
                <Word id="w_w2aab1b3b2b9b7ac29" language="English" custom="readingOrder {index:3;}">
                    <Coords points="1189,1051 1321,1051 1321,1095 1189,1095"/>
                    <TextEquiv>
                        <Unicode>pasado.</Unicode>
                    </TextEquiv>
                    <TextStyle fontFamily="Times New Roman" fontSize="9.5"/>
                </Word>
                <TextEquiv>
                    <Unicode>al recodar su pasado.</Unicode>
                </TextEquiv>
                <TextStyle fontFamily="Times New Roman" fontSize="9.5"/>
            </TextLine>
            <TextEquiv>
                <Unicode>Cuando las viejas sollozan
no se las debe hacer caso,
pues solo lloran las viejas
al recodar su pasado.</Unicode>
            </TextEquiv>
        </TextRegion>
        <TextRegion type="paragraph" id="r_2_6" custom="readingOrder {index:13;}">
            <Coords points="974,1093 1502,1093 1502,1139 974,1139"/>
            <TextLine id="tl_51" primaryLanguage="English" custom="readingOrder {index:0;}">
                <Coords points="975,1094 1501,1094 1501,1138 975,1138"/>
                <Baseline points="975,1129 1025,1129 1219,1129 1308,1128 1358,1129 1501,1136"/>
                <Word id="w_w2aab1b3b2c11b1ab1" language="English" custom="readingOrder {index:0;}">
                    <Coords points="975,1098 1025,1098 1025,1129 975,1129"/>
                    <TextEquiv>
                        <Unicode>Me</Unicode>
                    </TextEquiv>
                    <TextStyle fontFamily="Times New Roman" fontSize="9.5"/>
                </Word>
                <Word id="w_w2aab1b3b2c11b1ab7" language="English" custom="readingOrder {index:1;}">
                    <Coords points="1042,1097 1219,1097 1219,1138 1042,1138"/>
                    <TextEquiv>
                        <Unicode>aconsejan</Unicode>
                    </TextEquiv>
                    <TextStyle fontFamily="Times New Roman" fontSize="9.5"/>
                </Word>
                <Word id="w_w2aab1b3b2c11b1ac27" language="English" custom="readingOrder {index:2;}">
                    <Coords points="1242,1104 1308,1104 1308,1137 1242,1137"/>
                    <TextEquiv>
                        <Unicode>que</Unicode>
                    </TextEquiv>
                    <TextStyle fontFamily="Times New Roman" fontSize="9.5"/>
                </Word>
                <Word id="w_w2aab1b3b2c11b1ac35" language="English" custom="readingOrder {index:3;}">
                    <Coords points="1326,1099 1358,1099 1358,1129 1326,1129"/>
                    <TextEquiv>
                        <Unicode>te</Unicode>
                    </TextEquiv>
                    <TextStyle fontFamily="Times New Roman" fontSize="9.5"/>
                </Word>
                <Word id="w_w2aab1b3b2c11b1ac41" language="English" custom="readingOrder {index:4;}">
                    <Coords points="1374,1094 1501,1094 1501,1136 1374,1136"/>
                    <TextEquiv>
                        <Unicode>olvide;</Unicode>
                    </TextEquiv>
                    <TextStyle fontFamily="Times New Roman" fontSize="9.5"/>
                </Word>
                <TextEquiv>
                    <Unicode>Me aconsejan que te olvide;</Unicode>
                </TextEquiv>
                <TextStyle fontFamily="Times New Roman" fontSize="9.5"/>
            </TextLine>
            <TextEquiv>
                <Unicode>Me aconsejan que te olvide;</Unicode>
            </TextEquiv>
        </TextRegion>
        <TextRegion type="paragraph" id="r_2_7" custom="readingOrder {index:14;}">
            <Coords points="932,1138 1342,1138 1342,1184 932,1184"/>
            <TextLine id="tl_52" primaryLanguage="English" custom="readingOrder {index:0;}">
                <Coords points="933,1139 1341,1139 1341,1183 933,1183"/>
                <Baseline points="933,1181 1030,1173 1113,1173 1341,1172"/>
                <Word id="w_w2aab1b3b2c13b1ab1" language="English" custom="readingOrder {index:0;}">
                    <Coords points="933,1141 1030,1141 1030,1181 933,1181"/>
                    <TextEquiv>
                        <Unicode>¡mira</Unicode>
                    </TextEquiv>
                    <TextStyle fontFamily="Times New Roman" fontSize="9.5"/>
                </Word>
                <Word id="w_w2aab1b3b2c13b1ac13" language="English" custom="readingOrder {index:1;}">
                    <Coords points="1048,1140 1113,1140 1113,1183 1048,1183"/>
                    <TextEquiv>
                        <Unicode>qué</Unicode>
                    </TextEquiv>
                    <TextStyle fontFamily="Times New Roman" fontSize="9.5"/>
                </Word>
                <Word id="w_w2aab1b3b2c13b1ac21" language="English" custom="readingOrder {index:2;}">
                    <Coords points="1126,1139 1341,1139 1341,1174 1126,1174"/>
                    <TextEquiv>
                        <Unicode>barbaridad!</Unicode>
                    </TextEquiv>
                    <TextStyle fontFamily="Times New Roman" fontSize="9.5"/>
                </Word>
                <TextEquiv>
                    <Unicode>¡mira qué barbaridad!</Unicode>
                </TextEquiv>
                <TextStyle fontFamily="Times New Roman" fontSize="9.5"/>
            </TextLine>
            <TextEquiv>
                <Unicode>¡mira qué barbaridad!</Unicode>
            </TextEquiv>
        </TextRegion>
        <TextRegion type="paragraph" id="r_2_8" custom="readingOrder {index:15;}">
            <Coords points="932,1183 1387,1183 1387,1269 932,1269"/>
            <TextLine id="tl_53" primaryLanguage="English" custom="readingOrder {index:0;}">
                <Coords points="934,1184 1386,1184 1386,1226 934,1226"/>
                <Baseline points="934,1224 1050,1217 1110,1217 1229,1216 1386,1223"/>
                <Word id="w_w2aab1b3b2c15b1ab1" language="English" custom="readingOrder {index:0;}">
                    <Coords points="934,1186 1050,1186 1050,1224 934,1224"/>
                    <TextEquiv>
                        <Unicode>¡Como</Unicode>
                    </TextEquiv>
                    <TextStyle fontFamily="Times New Roman" fontSize="9.5"/>
                </Word>
                <Word id="w_w2aab1b3b2c15b1ac13" language="English" custom="readingOrder {index:1;}">
                    <Coords points="1068,1194 1110,1194 1110,1217 1068,1217"/>
                    <TextEquiv>
                        <Unicode>no</Unicode>
                    </TextEquiv>
                    <TextStyle fontFamily="Times New Roman" fontSize="9.5"/>
                </Word>
                <Word id="w_w2aab1b3b2c15b1ac19" language="English" custom="readingOrder {index:2;}">
                    <Coords points="1126,1184 1229,1184 1229,1218 1126,1218"/>
                    <TextEquiv>
                        <Unicode>saben</Unicode>
                    </TextEquiv>
                    <TextStyle fontFamily="Times New Roman" fontSize="9.5"/>
                </Word>
                <Word id="w_w2aab1b3b2c15b1ac31" language="English" custom="readingOrder {index:3;}">
                    <Coords points="1251,1193 1386,1193 1386,1226 1251,1226"/>
                    <TextEquiv>
                        <Unicode>querer,</Unicode>
                    </TextEquiv>
                    <TextStyle fontFamily="Times New Roman" fontSize="9.5"/>
                </Word>
                <TextEquiv>
                    <Unicode>¡Como no saben querer,</Unicode>
                </TextEquiv>
                <TextStyle fontFamily="Times New Roman" fontSize="9.5"/>
            </TextLine>
            <TextLine id="tl_54" primaryLanguage="English" custom="readingOrder {index:1;}">
                <Coords points="933,1227 1301,1227 1301,1268 933,1268"/>
                <Baseline points="933,1262 976,1262 1099,1262 1301,1260"/>
                <Word id="w_w2aab1b3b2c15b3ab1" language="English" custom="readingOrder {index:0;}">
                    <Coords points="933,1239 976,1239 976,1262 933,1262"/>
                    <TextEquiv>
                        <Unicode>no</Unicode>
                    </TextEquiv>
                    <TextStyle fontFamily="Times New Roman" fontSize="9.5"/>
                </Word>
                <Word id="w_w2aab1b3b2c15b3ab7" language="English" custom="readingOrder {index:1;}">
                    <Coords points="995,1229 1099,1229 1099,1262 995,1262"/>
                    <TextEquiv>
                        <Unicode>saben</Unicode>
                    </TextEquiv>
                    <TextStyle fontFamily="Times New Roman" fontSize="9.5"/>
                </Word>
                <Word id="w_w2aab1b3b2c15b3ac19" language="English" custom="readingOrder {index:2;}">
                    <Coords points="1117,1227 1301,1227 1301,1268 1117,1268"/>
                    <TextEquiv>
                        <Unicode>aconsejar!</Unicode>
                    </TextEquiv>
                    <TextStyle fontFamily="Times New Roman" fontSize="9.5"/>
                </Word>
                <TextEquiv>
                    <Unicode>no saben aconsejar!</Unicode>
                </TextEquiv>
                <TextStyle fontFamily="Times New Roman" fontSize="9.5"/>
            </TextLine>
            <TextEquiv>
                <Unicode>¡Como no saben querer,
no saben aconsejar!</Unicode>
            </TextEquiv>
        </TextRegion>
        <TextRegion type="paragraph" id="r_2_9" custom="readingOrder {index:16;}">
            <Coords points="933,1272 1543,1272 1543,1450 933,1450"/>
            <TextLine id="tl_55" primaryLanguage="English" custom="readingOrder {index:0;}">
                <Coords points="977,1273 1542,1273 1542,1313 977,1313"/>
                <Baseline points="977,1306 1068,1306 1115,1306 1263,1304 1315,1304 1448,1307 1542,1313"/>
                <Word id="w_w2aab1b3b2c17b1ab1" language="English" custom="readingOrder {index:0;}">
                    <Coords points="977,1274 1068,1274 1068,1307 977,1307"/>
                    <TextEquiv>
                        <Unicode>Todo</Unicode>
                    </TextEquiv>
                    <TextStyle fontFamily="Times New Roman" fontSize="9.5"/>
                </Word>
                <Word id="w_w2aab1b3b2c17b1ac11" language="English" custom="readingOrder {index:1;}">
                    <Coords points="1085,1273 1115,1273 1115,1306 1085,1306"/>
                    <TextEquiv>
                        <Unicode>el</Unicode>
                    </TextEquiv>
                    <TextStyle fontFamily="Times New Roman" fontSize="9.5"/>
                </Word>
                <Word id="w_w2aab1b3b2c17b1ac17" language="English" custom="readingOrder {index:2;}">
                    <Coords points="1133,1273 1263,1273 1263,1306 1133,1306"/>
                    <TextEquiv>
                        <Unicode>mundo</Unicode>
                    </TextEquiv>
                    <TextStyle fontFamily="Times New Roman" fontSize="9.5"/>
                </Word>
                <Word id="w_w2aab1b3b2c17b1ac29" language="English" custom="readingOrder {index:3;}">
                    <Coords points="1274,1281 1315,1281 1315,1305 1274,1305"/>
                    <TextEquiv>
                        <Unicode>en</Unicode>
                    </TextEquiv>
                    <TextStyle fontFamily="Times New Roman" fontSize="9.5"/>
                </Word>
                <Word id="w_w2aab1b3b2c17b1ac35" language="English" custom="readingOrder {index:4;}">
                    <Coords points="1330,1277 1448,1277 1448,1307 1330,1307"/>
                    <TextEquiv>
                        <Unicode>contra</Unicode>
                    </TextEquiv>
                    <TextStyle fontFamily="Times New Roman" fontSize="9.5"/>
                </Word>
                <Word id="w_w2aab1b3b2c17b1ac49" language="English" custom="readingOrder {index:5;}">
                    <Coords points="1465,1274 1542,1274 1542,1313 1465,1313"/>
                    <TextEquiv>
                        <Unicode>mia,</Unicode>
                    </TextEquiv>
                    <TextStyle fontFamily="Times New Roman" fontSize="9.5"/>
                </Word>
                <TextEquiv>
                    <Unicode>Todo el mundo en contra mia,</Unicode>
                </TextEquiv>
                <TextStyle fontFamily="Times New Roman" fontSize="9.5"/>
            </TextLine>
            <TextLine id="tl_56" primaryLanguage="English" custom="readingOrder {index:1;}">
                <Coords points="934,1317 1429,1317 1429,1360 934,1360"/>
                <Baseline points="934,1350 1087,1355 1232,1350 1281,1349 1429,1355"/>
                <Word id="w_w2aab1b3b2c17b3ab1" language="English" custom="readingOrder {index:0;}">
                    <Coords points="934,1318 1087,1318 1087,1355 934,1355"/>
                    <TextEquiv>
                        <Unicode>Serrana,</Unicode>
                    </TextEquiv>
                    <TextStyle fontFamily="Times New Roman" fontSize="9.5"/>
                </Word>
                <Word id="w_w2aab1b3b2c17b3ac19" language="English" custom="readingOrder {index:1;}">
                    <Coords points="1105,1326 1232,1326 1232,1360 1105,1360"/>
                    <TextEquiv>
                        <Unicode>porque</Unicode>
                    </TextEquiv>
                    <TextStyle fontFamily="Times New Roman" fontSize="9.5"/>
                </Word>
                <Word id="w_w2aab1b3b2c17b3ac33" language="English" custom="readingOrder {index:2;}">
                    <Coords points="1251,1321 1281,1321 1281,1349 1251,1349"/>
                    <TextEquiv>
                        <Unicode>te</Unicode>
                    </TextEquiv>
                    <TextStyle fontFamily="Times New Roman" fontSize="9.5"/>
                </Word>
                <Word id="w_w2aab1b3b2c17b3ac39" language="English" custom="readingOrder {index:3;}">
                    <Coords points="1297,1317 1429,1317 1429,1359 1297,1359"/>
                    <TextEquiv>
                        <Unicode>quiero,</Unicode>
                    </TextEquiv>
                    <TextStyle fontFamily="Times New Roman" fontSize="9.5"/>
                </Word>
                <TextEquiv>
                    <Unicode>Serrana, porque te quiero,</Unicode>
                </TextEquiv>
                <TextStyle fontFamily="Times New Roman" fontSize="9.5"/>
            </TextLine>
            <TextLine id="tl_57" primaryLanguage="English" custom="readingOrder {index:2;}">
                <Coords points="936,1362 1487,1362 1487,1400 936,1400"/>
                <Baseline points="936,1393 1014,1395 1059,1395 1202,1395 1257,1393 1388,1395 1487,1400"/>
                <Word id="w_w2aab1b3b2c17b5ab1" language="English" custom="readingOrder {index:0;}">
                    <Coords points="936,1362 1014,1362 1014,1395 936,1395"/>
                    <TextEquiv>
                        <Unicode>todo</Unicode>
                    </TextEquiv>
                    <TextStyle fontFamily="Times New Roman" fontSize="9.5"/>
                </Word>
                <Word id="w_w2aab1b3b2c17b5ac11" language="English" custom="readingOrder {index:1;}">
                    <Coords points="1028,1363 1059,1363 1059,1395 1028,1395"/>
                    <TextEquiv>
                        <Unicode>el</Unicode>
                    </TextEquiv>
                    <TextStyle fontFamily="Times New Roman" fontSize="9.5"/>
                </Word>
                <Word id="w_w2aab1b3b2c17b5ac17" language="English" custom="readingOrder {index:2;}">
                    <Coords points="1076,1362 1202,1362 1202,1395 1076,1395"/>
                    <TextEquiv>
                        <Unicode>mundo</Unicode>
                    </TextEquiv>
                    <TextStyle fontFamily="Times New Roman" fontSize="9.5"/>
                </Word>
                <Word id="w_w2aab1b3b2c17b5ac29" language="English" custom="readingOrder {index:3;}">
                    <Coords points="1217,1370 1257,1370 1257,1394 1217,1394"/>
                    <TextEquiv>
                        <Unicode>en</Unicode>
                    </TextEquiv>
                    <TextStyle fontFamily="Times New Roman" fontSize="9.5"/>
                </Word>
                <Word id="w_w2aab1b3b2c17b5ac35" language="English" custom="readingOrder {index:4;}">
                    <Coords points="1273,1366 1388,1366 1388,1395 1273,1395"/>
                    <TextEquiv>
                        <Unicode>contra</Unicode>
                    </TextEquiv>
                    <TextStyle fontFamily="Times New Roman" fontSize="9.5"/>
                </Word>
                <Word id="w_w2aab1b3b2c17b5ac49" language="English" custom="readingOrder {index:5;}">
                    <Coords points="1408,1363 1487,1363 1487,1400 1408,1400"/>
                    <TextEquiv>
                        <Unicode>mia,</Unicode>
                    </TextEquiv>
                    <TextStyle fontFamily="Times New Roman" fontSize="9.5"/>
                </Word>
                <TextEquiv>
                    <Unicode>todo el mundo en contra mia,</Unicode>
                </TextEquiv>
                <TextStyle fontFamily="Times New Roman" fontSize="9.5"/>
            </TextLine>
            <TextLine id="tl_58" primaryLanguage="English" custom="readingOrder {index:3;}">
                <Coords points="937,1404 1480,1404 1480,1449 937,1449"/>
                <Baseline points="937,1448 953,1448 1008,1440 1142,1439 1189,1439 1333,1438 1480,1440"/>
                <Word id="w_w2aab1b3b2c17b7ab1" language="English" custom="readingOrder {index:0;}">
                    <Coords points="937,1416 953,1416 953,1448 937,1448"/>
                    <TextEquiv>
                        <Unicode>y</Unicode>
                    </TextEquiv>
                    <TextStyle fontFamily="Times New Roman" fontSize="9.5"/>
                </Word>
                <Word id="w_w2aab1b3b2c17b7ab5" language="English" custom="readingOrder {index:1;}">
                    <Coords points="970,1415 1008,1415 1008,1449 970,1449"/>
                    <TextEquiv>
                        <Unicode>yo</Unicode>
                    </TextEquiv>
                    <TextStyle fontFamily="Times New Roman" fontSize="9.5"/>
                </Word>
                <Word id="w_w2aab1b3b2c17b7ac11" language="English" custom="readingOrder {index:2;}">
                    <Coords points="1026,1410 1142,1410 1142,1440 1026,1440"/>
                    <TextEquiv>
                        <Unicode>contra</Unicode>
                    </TextEquiv>
                    <TextStyle fontFamily="Times New Roman" fontSize="9.5"/>
                </Word>
                <Word id="w_w2aab1b3b2c17b7ac25" language="English" custom="readingOrder {index:3;}">
                    <Coords points="1159,1406 1189,1406 1189,1440 1159,1440"/>
                    <TextEquiv>
                        <Unicode>el</Unicode>
                    </TextEquiv>
                    <TextStyle fontFamily="Times New Roman" fontSize="9.5"/>
                </Word>
                <Word id="w_w2aab1b3b2c17b7ac31" language="English" custom="readingOrder {index:4;}">
                    <Coords points="1208,1404 1333,1404 1333,1438 1208,1438"/>
                    <TextEquiv>
                        <Unicode>mundo</Unicode>
                    </TextEquiv>
                    <TextStyle fontFamily="Times New Roman" fontSize="9.5"/>
                </Word>
                <Word id="w_w2aab1b3b2c17b7ac43" language="English" custom="readingOrder {index:5;}">
                    <Coords points="1351,1410 1480,1410 1480,1441 1351,1441"/>
                    <TextEquiv>
                        <Unicode>entero.</Unicode>
                    </TextEquiv>
                    <TextStyle fontFamily="Times New Roman" fontSize="9.5"/>
                </Word>
                <TextEquiv>
                    <Unicode>y yo contra el mundo entero.</Unicode>
                </TextEquiv>
                <TextStyle fontFamily="Times New Roman" fontSize="9.5"/>
            </TextLine>
            <TextEquiv>
                <Unicode>Todo el mundo en contra mia,
Serrana, porque te quiero,
todo el mundo en contra mia,
y yo contra el mundo entero.</Unicode>
            </TextEquiv>
        </TextRegion>
        <TextRegion type="paragraph" id="r_3_1" custom="readingOrder {index:17;}">
            <Coords points="870,1843 1006,1843 1006,1886 870,1886"/>
            <TextLine id="tl_59" primaryLanguage="English" custom="readingOrder {index:0;}">
                <Coords points="871,1844 1005,1844 1005,1885 871,1885"/>
                <Baseline points="871,1885 1005,1885"/>
                <Word id="w_w2aab1b5b2b1b1ab1" language="English" custom="readingOrder {index:0;}">
                    <Coords points="871,1844 1005,1844 1005,1885 871,1885"/>
                    <TextEquiv>
                        <Unicode>FI1T.</Unicode>
                    </TextEquiv>
                    <TextStyle fontFamily="Times New Roman" fontSize="12.0"/>
                </Word>
                <TextEquiv>
                    <Unicode>FIN.</Unicode>
                </TextEquiv>
                <TextStyle fontFamily="Times New Roman" fontSize="12.0"/>
            </TextLine>
            <TextEquiv>
                <Unicode>FIN.</Unicode>
            </TextEquiv>
        </TextRegion>
        <TextRegion type="paragraph" id="r_4_1" custom="readingOrder {index:18;}">
            <Coords points="282,2293 1550,2293 1550,2340 282,2340"/>
            <TextLine id="tl_60" primaryLanguage="English" custom="readingOrder {index:0;}">
                <Coords points="283,2294 1549,2294 1549,2339 283,2339"/>
                <Baseline points="283,2328 611,2339 658,2338 742,2329 807,2330 866,2329 963,2329 1028,2329 1197,2334 1328,2328 1388,2329 1499,2332 1549,2325"/>
                <Word id="w_w2aab1b7b2b1b1ab1" language="English" custom="readingOrder {index:0;}">
                    <Coords points="283,2294 611,2294 611,2339 283,2339"/>
                    <TextEquiv>
                        <Unicode>CARMONA:—Imp</Unicode>
                    </TextEquiv>
                    <TextStyle fontFamily="Times New Roman" fontSize="9.5"/>
                </Word>
                <Word id="w_w2aab1b7b2b1b1ac27" language="English" custom="readingOrder {index:1;}">
                    <Coords points="644,2305 658,2305 658,2338 644,2338"/>
                    <TextEquiv>
                        <Unicode>y</Unicode>
                    </TextEquiv>
                    <TextStyle fontFamily="Times New Roman" fontSize="9.5"/>
                </Word>
                <Word id="w_w2aab1b7b2b1b1ac31" language="English" custom="readingOrder {index:2;}">
                    <Coords points="681,2295 742,2295 742,2329 681,2329"/>
                    <TextEquiv>
                        <Unicode>lib.</Unicode>
                    </TextEquiv>
                    <TextStyle fontFamily="Times New Roman" fontSize="9.5"/>
                </Word>
                <Word id="w_w2aab1b7b2b1b1ac41" language="English" custom="readingOrder {index:3;}">
                    <Coords points="766,2296 807,2296 807,2330 766,2330"/>
                    <TextEquiv>
                        <Unicode>de</Unicode>
                    </TextEquiv>
                    <TextStyle fontFamily="Times New Roman" fontSize="9.5"/>
                </Word>
                <Word id="w_w2aab1b7b2b1b1ac47" language="English" custom="readingOrder {index:4;}">
                    <Coords points="830,2296 866,2296 866,2329 830,2329"/>
                    <TextEquiv>
                        <Unicode>D.</Unicode>
                    </TextEquiv>
                    <TextStyle fontFamily="Times New Roman" fontSize="9.5"/>
                </Word>
                <Word id="w_w2aab1b7b2b1b1ac53" language="English" custom="readingOrder {index:5;}">
                    <Coords points="886,2296 963,2296 963,2329 886,2329"/>
                    <TextEquiv>
                        <Unicode>José</Unicode>
                    </TextEquiv>
                    <TextStyle fontFamily="Times New Roman" fontSize="9.5"/>
                </Word>
                <Word id="w_w2aab1b7b2b1b1ac63" language="English" custom="readingOrder {index:6;}">
                    <Coords points="987,2297 1028,2297 1028,2330 987,2330"/>
                    <TextEquiv>
                        <Unicode>M.</Unicode>
                    </TextEquiv>
                    <TextStyle fontFamily="Times New Roman" fontSize="9.5"/>
                </Word>
                <Word id="w_w2aab1b7b2b1b1ac69" language="English" custom="readingOrder {index:7;}">
                    <Coords points="1048,2295 1197,2295 1197,2334 1048,2334"/>
                    <TextEquiv>
                        <Unicode>Moreno,</Unicode>
                    </TextEquiv>
                    <TextStyle fontFamily="Times New Roman" fontSize="9.5"/>
                </Word>
                <Word id="w_w2aab1b7b2b1b1ac85" language="English" custom="readingOrder {index:8;}">
                    <Coords points="1217,2296 1328,2296 1328,2329 1217,2329"/>
                    <TextEquiv>
                        <Unicode>Madre</Unicode>
                    </TextEquiv>
                    <TextStyle fontFamily="Times New Roman" fontSize="9.5"/>
                </Word>
                <Word id="w_w2aab1b7b2b1b1ac97" language="English" custom="readingOrder {index:9;}">
                    <Coords points="1349,2296 1388,2296 1388,2329 1349,2329"/>
                    <TextEquiv>
                        <Unicode>de</Unicode>
                    </TextEquiv>
                    <TextStyle fontFamily="Times New Roman" fontSize="9.5"/>
                </Word>
                <Word id="w_w2aab1b7b2b1b1ad103" language="English" custom="readingOrder {index:10;}">
                    <Coords points="1410,2294 1499,2294 1499,2332 1410,2332"/>
                    <TextEquiv>
                        <Unicode>Dios,</Unicode>
                    </TextEquiv>
                    <TextStyle fontFamily="Times New Roman" fontSize="9.5"/>
                </Word>
                <Word id="w_w2aab1b7b2b1b1ad115" language="English" custom="readingOrder {index:11;}">
                    <Coords points="1519,2295 1549,2295 1549,2326 1519,2326"/>
                    <TextEquiv>
                        <Unicode>1.</Unicode>
                    </TextEquiv>
                    <TextStyle fontFamily="Times New Roman" fontSize="9.5"/>
                </Word>
                <TextEquiv>
                    <Unicode>CARMONA:—Imp y lib. de D. José M. Moreno, Madre de Dios, 1.</Unicode>
                </TextEquiv>
                <TextStyle fontFamily="Times New Roman" fontSize="9.5"/>
            </TextLine>
            <TextEquiv>
                <Unicode>CARMONA:—Imp y lib. de D. José M. Moreno, Madre de Dios, 1.</Unicode>
            </TextEquiv>
        </TextRegion>
    </Page>
</PcGts>
