1737 2508
415 249 851 338 Que mi amor te serviria
367 308 823 385 como amante firme y fiel
370 360 772 434 le dije ayer vida mia,
360 406 737 471 me respondiste cruel
360 440 823 521 que sí, que no, qué seria,
413 488 876 584 El juicio me hace perder
359 547 660 614 tu tirano delirar,
358 590 761 665 pues te veo responder,
354 644 824 721 viéndome en tanto penar,
358 697 962 761 que hoy , que mañana, que áyer.
407 740 919 810 Imposibles me andas dando
355 786 763 866 y luego te contradices:
351 836 818 893 que nos vayamos mirando
359 887 839 952 te mando á decir : y dices,
352 934 972 1020 que ahora , que luego, que cuando.
394 984 775 1048 Galeno con su saber
349 1027 802 1097 por tus estrañas palabras
348 1079 808 1149 no te podrá comprender,
343 1124 825 1195 si mas claro no me hablas.
348 1171 931 1257 quién diablos te ha de entender?
646 1255 709 1316 VI.
398 1318 869 1387 Quise, cuando tú quisiste.
342 1373 885 1433 te ausentaste y tuve ausencia;
342 1420 771 1482 me olvidaste y te olvidé;
338 1471 811 1529 yo contento y tu contenta,
392 1541 887 1618 Cuando yo te ví, me viste,
339 1600 840 1664 cuando me amaste, te amé,
342 1647 827 1701 yo me rendí y te rendíste:
339 1693 770 1755 luego podré decir, que,
341 1742 790 1810 quise cuando tú quisiste.
390 1786 812 1870 lguales sin competencia
342 1831 697 1903 vivimos en esta lid,
332 1897 830 1946 pues no se halla diferencia
340 1941 786 1999 en nuestro querer, y así
338 1989 860 2047 te ausentaste y tuve ausencia.
382 2033 842 2098 Por lo mucho que te amé
339 2079 734 2140 toda el alma te rendí,
341 2128 742 2192 mas viendo tu poca fé
343 2174 688 2242 dejé de quererte, y
342 2221 777 2304 me olvidaste y te olvidé,
1150 245 1669 361 Ya mi contento se aumenta;
1096 312 1594 382 viendo que nos convenimos
1098 364 1536 427 en dejar ya la tormenta
1092 406 1606 504 de nuestro amor, y vivimos
1095 457 1549 524 yo contento y tú contenta.
1395 539 1470 589 VII.
1146 598 1648 666 Todo el mundo me aconseja
1087 642 1514 718 el que no te quiera á tí;
1081 698 1542 762 yo le respondo diciendo:
1085 748 1536 798 nadie me gobierna á mí.
1133 796 1589 898 Cuando mi alma perpleja
1083 856 1480 938 te adora con desvarío,
1089 902 1561 986 porque de amarte no deja,
1088 961 1580 1038 que te aborrezca , bien mio,
1077 1010 1585 1084 todo el mundo me aconseja.
1124 1057 1574 1128 Aunque supiera que mil
1078 1109 1556 1181 muertes me habian de dar
1082 1159 1529 1226 por quererte, cree de mi
1079 1204 1506 1274 no podrian alcanzar
1073 1256 1504 1311 el que no te quiera á ti,
1119 1301 1682 1369 Siempre me están persuadiendo
1067 1348 1615 1425 sobre si es justo ó no es justo
1078 1399 1518 1465 el estarte á tí queriendo,
1072 1443 1531 1516 y que tú eres de mi gusto
1069 1494 1513 1560 yo le respondo diciendo.
1121 1540 1550 1603 Sepan que ya mé rendí
1074 1588 1514 1658 á tus brazos libremente:
1064 1636 1584 1711 sepa todo el mundo, en fin
1070 1689 1561 1750 que en aquesto de quererte
1065 1734 1519 1810 nadie me gobierna á mi.
1344 1815 1440 1891 VIII.
1120 1878 1548 1947 Hice pacto con mis ojos
1065 1928 1516 1999 desde el dia en que te ví,
1067 1987 1527 2041 no querer mujer alguna
1066 2026 1455 2095 habiéndote visto á ti,
1107 2090 1537 2163 Al mirarte sin anteojos
1062 2142 1429 2200 te rendí mi corazon:
1063 2190 1427 2260 disipa ya tus enojos,
1061 2245 1473 2323 porque con justa razon
