1765 2512
309 219 339 269 2
178 289 703 330 Y si es un hombre! naita:
184 342 629 382 de la primera guantáa
176 394 652 436 le quito el moo de jablá,
186 446 628 487 vaya un poe, fortunita.
176 499 694 543 Sí algun gaché la camela,
176 554 670 595 aunque sea mu valiente,
185 607 703 648 manque sea una serpiente
174 660 694 700 le tengo de arriar candela.
177 711 679 756 Tú no sabe quien soy yo;
180 766 650 808 no sabe que soy bravío,
184 820 675 859 por dentre y fuera cosío.
179 872 656 911 ardiendo como un farór?
188 927 708 965 Que venga y verá lo güeno
188 978 628 1018 verán ombre! salerito,
178 1032 684 1070 aqui está un moso bonito
186 1083 788 1124 que se vá á tragar el terreno.
183 1136 578 1176 Ha concluio oslé ya?
184 1190 712 1235 por supuesto, ayá voy yo,
192 1242 550 1283 yo nasí mu naturá
188 1295 529 1335 y tengo mas caliá
186 1350 670 1391 que la máquina er vapó:
182 1402 606 1444 no me gusta fachaita,
184 1455 690 1497 ni dirme por los matojos:
191 1509 674 1551 quieo saver cara é carita,
183 1561 752 1602 que quiero por esa personita
190 1614 656 1655 los rayitos de esos ojos.
184 1667 662 1707 Po digamuste quien és:
188 1721 708 1762 Antonio Cruces me yamo,
192 1774 634 1817 criao y nació en Jeré,
182 1826 634 1870 moso con mucho poer,
182 1882 680 1920 y que quiere ser su amo:
184 1933 658 1975 y en diciéndome que sí,
191 1987 613 2026 estreya de la mañana
192 2038 504 2080 matita de jajoli,
192 2090 614 2134 dientesito de marfin,
191 2144 610 2185 le doy mi via, jitana.
194 2198 590 2238 Tengo pa mi salero
186 2251 652 2292 un cuarto lleno é inero
900 290 1364 328 y un barco con puñalá:
899 342 1366 381 está osté mosito güeno?
903 395 1371 434 en jaciendo una chanáa
902 448 1342 488 como no lo puea matá,
900 501 1354 540 salero, le doy veneno.
903 553 1390 594 Conque elija osté, salao,
905 608 1377 646 por quererme va mori?
906 660 1322 700 con eso podrá desí...
895 714 1504 751 que er mundo quea escansao.
917 765 1532 807 =Po si es berdá, moso güeno,
905 817 1328 859 y eso que dise seguro;
903 872 1333 910 no se queará, le juro
909 925 1406 965 ninguna noche al sereno.
903 978 1296 1016 Siga osté tras é mí.
903 1028 1410 1070 —¿Po no boi mejo al lao?
900 1078 1452 1122 —No é igual, cuerpo salao?
903 1131 1411 1180 — Y ella me contesta, si,
906 1190 1384 1229 Compare cuando dicaba
909 1242 1328 1282 aquel moito de andá
907 1296 1432 1334 no jasia masque trompesá
911 1351 1454 1388 con las piedras que jayaba.
912 1402 1466 1441 Yo no se lo que era aquello,
905 1456 1279 1493 lo que si pueo desi
903 1508 1332 1547 que me se queria salí
916 1561 1376 1600 el corazón po el cueyo.
908 1616 1390 1653 Esto, es lo que jago yo
912 1668 1458 1709 cuando pincharo una mosa,
911 1721 1444 1760 muy pulia y muy jermosa
917 1775 1414 1815 me se quita el malumó.
916 1826 1282 1867 Y si pasa, camará,
908 1881 1438 1921 po mi puerta una paqueta,
917 1934 1439 1976 tres patá me dá en la jeta,
916 1986 1312 2025 no lo pueo remediá.
919 2040 1395 2080 Quiero una mosa bonita
922 2093 1408 2132 aunque no sea caballera,
915 2146 1398 2185 me gusta una sigarrera
916 2199 1436 2239 mas que ochenta señorita.
921 2252 1395 2294 Compare, jablo é bera:
