1737 2508
1179 240 1441 341 (Número 74.)
397 306 1278 397 EL RATON DE CANARIAS.
454 1143 1262 1234 RELACION
155 1214 1589 1327 graciosa y divertida en que se refieren los estragos, muertes y valentías
202 1282 1540 1379 ejecutadas por un raton que se descubrió en las lslas de Canarias, en
228 1329 1516 1424 casa de un tejedor, segun consta de una carta que recibió el autor
287 1371 1455 1462 de un amigo suyo; con lo demas que verá el curioso lector.
690 1519 1051 1609 PRIMERA PARTE.
214 1616 744 1708 Aunque todos mis oyentes
161 1684 639 1751 me acraditen de bufon,
170 1727 660 1790 voy á divertir al pueblo
162 1775 660 1845 con un chusco noticion;
168 1816 608 1879 escuchen todos á una
170 1862 643 1931 con silencio y atencion,
165 1918 613 1969 oiran en brebes versos
168 1943 675 2012 las hazañas de un Raton.
169 1993 658 2055 De las lslas de Canarias
180 2037 625 2096 un amigo me escribió
169 2082 587 2148 en el correo pasado
175 2127 595 2194 la siguiente relacion:
182 2166 650 2233 "en este mes de enero
172 2223 636 2277 en casa de un tejedor
178 2254 703 2320 sin saber como ni cuando
183 2302 681 2380 un Ranton se descubrió.
896 1603 1471 1689 Durmiendo como un perrazo
894 1671 1420 1737 se hallaba el buen tejedor
894 1711 1438 1787 á tiempo que en los telares
902 1760 1345 1826 un gran ruido se oyó,
897 1802 1339 1864 levantóse de la cama,
897 1830 1397 1917 luego un candil encendió
901 1886 1383 1958 para averiguar la causa
900 1935 1364 2005 de estrepido tan atroz;
904 1975 1448 2046 pero en el instante mismo
906 2022 1390 2087 que vió la luz el Raton
921 2071 1346 2133 (parece cosa increible
907 2105 1402 2180 lo que entonces sucedió)
910 2152 1418 2225 dió tan formidable soplo,
904 2200 1323 2263 que candil y tejedor
914 2244 1361 2308 estoy no han parecido
914 2276 1414 2364 por que el aire los llevó.
