1752 2480
1218 228 1321 266 Núm.
1352 224 1433 265 399.

293 1175 1387 1228 EL BARATERO.
149 1371 273 1410 Sátira
285 1384 400 1413 nueva
418 1386 462 1412 en
478 1385 543 1421 que
562 1385 598 1412 se
612 1374 754 1414 declara
772 1374 804 1410 el
821 1376 955 1419 famoso
974 1374 1150 1410 Baratero
1178 1384 1243 1420 que
1279 1375 1325 1411 ha
1363 1373 1474 1412 salido
1493 1386 1537 1413 en

234 1423 374 1464 Cuarte,
395 1435 417 1471 y
437 1435 479 1460 en
493 1425 561 1461 ella
588 1421 754 1460 hallarán
786 1424 839 1458 las
856 1420 974 1458 demás
994 1424 1150 1459 hazañas
1163 1434 1186 1469 y
1203 1422 1378 1461 valentías
1395 1435 1461 1471 que

504 1474 550 1510 ha
576 1472 684 1510 hecho
699 1482 743 1508 en
762 1471 904 1518 España
921 1481 943 1516 y
961 1474 1006 1507 eñ
1020 1470 1186 1508 Francia.

189 1600 285 1636 Todo
305 1599 338 1634 el
357 1597 488 1634 mundo
508 1598 554 1634 ha
573 1598 617 1633 de
632 1596 782 1633 temblar

143 1650 186 1686 de
206 1653 278 1684 este
294 1647 402 1683 noble
418 1647 594 1686 baratero,

140 1709 201 1745 soy
214 1698 247 1733 el
264 1700 386 1734 tuerto
405 1696 580 1731 Calachan

144 1757 212 1794 que
231 1747 251 1781 á
268 1744 372 1782 nadie
390 1744 423 1780 le
437 1747 542 1790 tengo
562 1742 692 1780 miedo.

286 1794 336 1830 De
356 1792 446 1829 edad
464 1792 506 1828 de
522 1792 649 1838 quince
668 1796 752 1828 años
776 1818 780 1824 •

240 1843 363 1880 siendo
382 1852 424 1888 yo
445 1852 492 1876 un
512 1841 696 1887 chiquillo,

242 1890 387 1938 aprendí
407 1891 426 1926 á
442 1890 547 1936 jugar

242 1951 326 1986 muy
345 1940 430 1974 bien
445 1939 478 1974 el
498 1938 664 1974 cuchillo.

289 1989 316 2024 Y
336 1998 418 2024 eran
435 1988 502 2023 mis
521 1987 619 2022 ideas

240 2038 284 2073 de
304 2037 394 2073 irme
412 2037 557 2083 algunos
575 2039 681 2077 ratos,

238 2096 304 2133 por
320 2084 416 2122 cafés
433 2097 453 2131 y
466 2085 582 2131 plazas

241 2136 261 2170 á
278 2134 403 2172 cobrar
422 2134 477 2169 los
497 2136 651 2169 cuartos.

292 2184 342 2219 Yo
360 2194 419 2230 soy
438 2183 510 2228 hijo
527 2182 570 2219 de
585 2183 632 2218 mi
652 2181 773 2219 madre

863 1608 884 1643 y
902 1595 1044 1632 sobrino
1062 1598 1106 1633 de
1125 1598 1174 1633 mi
1192 1597 1251 1638 tia,

866 1645 1010 1681 abuelos
1029 1656 1147 1682 nunca
1165 1646 1211 1682 he
1225 1645 1360 1687 tenido,

866 1704 976 1740 según
992 1694 1041 1729 mi
1062 1695 1234 1731 hermano
1254 1695 1363 1731 decía.

1014 1743 1083 1788 Soy
1100 1743 1227 1779 nacido
1248 1754 1292 1779 en
1313 1743 1451 1785 Cuarte,

966 1792 1084 1827 criado
1103 1803 1146 1827 en
1164 1792 1285 1834 Maria,

967 1841 1040 1887 hijo
1060 1841 1103 1876 de
1122 1841 1234 1888 Pacay

966 1900 1034 1936 que
1053 1900 1096 1925 en
1114 1889 1148 1925 él
1166 1890 1270 1929 nadie
1296 1890 1353 1926 fra.

1014 1941 1128 1984 Tengo
1155 1949 1243 1975 unos
1257 1939 1434 1985 parientes

966 1997 1034 2033 que
1049 1997 1087 2022 es
1102 1998 1208 2023 causa
1223 1988 1267 2023 de
1286 1987 1367 2029 risa,

964 2036 992 2070 si
1012 2046 1083 2071 uno
1099 2046 1142 2071 va
1158 2036 1315 2072 descalzo

964 2087 1040 2120 otro
1059 2095 1102 2120 va
1117 2095 1160 2120 en
1176 2085 1320 2122 carnisa.

916 2133 999 2169 Sólo
1018 2143 1082 2180 por
1096 2137 1188 2170 estas
1204 2144 1349 2170 razones

866 2193 923 2218 me
944 2180 1087 2229 despedí
1102 2182 1145 2218 de
1165 2182 1213 2219 mi
1231 2187 1349 2230 gente,
