1765 2512
831 240 879 290 2
141 308 636 347 escedía á otro Carranza;
147 357 662 396 aquí se cumple el refran,
152 406 734 444 hombre pobre todo es trazas.
150 454 670 492 Sabiendo estas facultades,
144 502 678 540 á rienda suelta se andaba,
144 551 722 588 riñendo algunas pendencias
143 599 662 635 en defensa de las damas.
151 647 698 687 Cumplídos los veinte años,
156 696 604 733 edad florida y gallarda
143 743 588 780 de sus juveniles dias
149 794 671 831 y maduréz de su infancia,
149 843 678 879 en el golfo de sus gustos,
148 889 530 925 eterno consideraba
147 939 709 973 á su padre, mas frustróse
151 987 658 1024 toda su vana esperanza;
143 1034 711 1071 se transformaron sus gozos
143 1083 648 1120 con el anhelo y la carga
148 1132 728 1168 de su madre, y los cuidados
154 1179 668 1218 de su padre le quedaban.
150 1228 596 1263 Mas como la juventud
154 1277 610 1315 en nada pone eficacia,
152 1325 645 1361 arrestado dió la muerte
147 1374 707 1411 á un mancebo de su patria.
152 1422 694 1461 Ausentóse y fué á la Córte,
148 1471 596 1507 tomó de soldado plaza
148 1519 564 1556 en una bandera que
148 1568 642 1606 para Nápoles marchaba,
155 1617 605 1654 y con capa de soldado
160 1666 652 1701 vivia muy á sus anchas.
145 1713 657 1749 Salióse una oscura noche
148 1762 642 1800 á buscar á cierta maja,
152 1810 656 1848 y al pasar por una calle,
151 1858 724 1899 oyó que hablaba una dama,
149 1907 641 1943 porque el éco de la voz
155 1955 630 1992 femenina se mostraba.
151 2004 635 2039 Paróse é hizo el reparo
152 2053 768 2089 que á un caballero le hablaba
156 2101 692 2141 diciendo pòngase en fuga,
142 2149 658 2188 mire que si no le matan;
135 2198 635 2233 á cuyo tiempo llegaron
150 2246 704 2284 ocho hombres con espadas,
141 2297 696 2333 Juan de la Tierra que vió
876 305 1376 343 aquella alevosa infamia,
876 353 1296 390 al lado del caballero
871 402 1353 438 se puso con arrogancia.
876 451 1326 486 Portóse con tal vigor,
879 499 1468 535 que los cuatro en la estacada
882 545 1368 583 fueron á dar residencia
883 594 1379 632 á las celestes moradas,
875 643 1362 680 y los otros hacen fuga,
883 694 1448 728 que como el viento volaban.
882 740 1290 778 El caballero le dice;
877 790 1471 830 ¿Quién eres? cómo te llamas?
882 838 1546 873 Juan de la Tierra es mi nombre,
876 884 1386 923 Illescas mi amada pátria.
877 933 1392 971 Asi le hablaba don Juan
885 980 1335 1019 á la Magestad cesárea
880 1030 1438 1069 del rey don Felipe cuarto,
886 1078 1427 1117 el que al proviso le manda
888 1126 1406 1165 tomase algunos doblones,
879 1176 1365 1217 y tambien la real alhaja
879 1224 1421 1262 de un anillo de diamantes,
885 1274 1355 1314 y que á palacio se vaya
887 1322 1431 1359 luego que amanezca el dia,
890 1371 1358 1408 que será la mejor paga,
883 1418 1405 1456 que él era el mayordomo
889 1467 1450 1505 del rey, y mire le encarga,
881 1517 1335 1557 que no se olvide de ir;
887 1565 1433 1601 adios porque viene el alba.
883 1611 1400 1651 Don Juan colocó su anillo
888 1659 1392 1701 en una bolsa y lo guarda
888 1707 1487 1749 con cuidado dentro el pecho:
885 1743 1561 1795 ( ¡oh, lo que el discurso alcanza! )
886 1804 1432 1845 En tanto que hubo dineros
884 1854 1377 1893 tuvo muchos camaradas.
883 1903 1378 1941 Llegó el dia de partida,
883 1952 1410 1990 á Nàpoles fue la marcha,
888 2001 1337 2039 llegaron á la ciudad,
890 2050 1379 2087 adonde el resto gastaba;
886 2098 1417 2135 viendo no tenia un cuarto
881 2147 1467 2185 y que el hambre le apretaba,
887 2196 1319 2231 acordóse de su anillo.
881 2243 1391 2281 A un platero se llegaba
880 2291 1362 2333 á ver si comprar queria
