1737 2508
1272 198 1494 244 Núm. 140.
510 1241 1340 1279 RELACION JOCOSA,
248 1365 1513 1416 EL AMANTE MAS PERFECTO.
235 1552 744 1591 Noble y discreto Auditorio
199 1603 701 1636 aquí estoy á tu obediencia,
199 1646 656 1681 y para cumplir tu órden
208 1691 660 1724 voy á decirte mis penas.
195 1734 628 1768 Un Español soy, aborto
206 1780 666 1813 de la mas sañuda esfera,
207 1824 617 1858 que en oróscopo fatal
201 1868 695 1901 pudo formar la influencia.
203 1912 653 1946 Mi pátria no se cual es;
201 1956 584 1990 y si acaso lo supiera
210 1999 706 2034 la callára, porque he oido
203 2046 778 2078 á los hombres de experiencia,
207 2090 724 2123 que poco importa la pátria
208 2135 660 2166 si las aeciones no dejan
208 2179 578 2212 acreditado el valor,
213 2224 734 2256 el lustre, fausto y decencia.
210 2269 780 2303 Con que asi ilustre congreso,
923 1553 1421 1587 yo soy mi pátria, mi tierra,
922 1597 1454 1631 mi caudal, mis ascendientes,
921 1642 1419 1675 mi desendencia, y nobleza,
925 1686 1290 1719 Paso á referir ahora
923 1731 1387 1764 lo terrible de mi estrella,
917 1774 1518 1808 porque adoro á una hermosura,
927 1820 1517 1853 que al mismo tiempo que bella,
926 1862 1343 1898 es esquiva y mas cruel
928 1908 1428 1941 que puede serlo una fiera.
935 1953 1384 1985 Cuando á ella me dirijo,
939 1996 1363 2029 le digo de esta manera:
930 2040 1407 2074 El amor que te he tenido,
940 2086 1518 2119 tengo y tendré aunque fallezca,
932 2131 1475 2166 ha sido tan casto y mudo....
1116 2174 1435 2214 (Hace el mudo.)
935 2220 1410 2254 Mudo, rendido, y amante,
933 2264 1436 2301 viendo tu sólio y grandeza,
