1737 2508
203 291 661 343 de muy rico terciopelo,
198 314 739 404 aunque costara un millon.
196 387 743 456 Hizolo el sastre, inocente,
195 421 652 494 y vistiéndole el Raton,
198 458 722 543 con dos docenas de coses
206 512 611 581 tela y trabajo pagó.
202 539 768 627 Tan recias fueron las coces
206 593 722 673 que el pobre satre llevó,
207 640 666 722 que quedó inutilazado,
926 264 1387 358 y al tercer dia murió.
934 314 1578 407 Tal fué el miedo que cobraron
935 369 1364 441 los vecinos al Raton,
932 411 1488 497 que los viejos por no verlo
934 464 1374 520 dejaban la poblacion.
930 492 1442 576 Esta es la primera parte,
931 557 1412 620 en la segunda su autor
934 595 1378 655 ofrece contar gustoso
932 629 1464 718 en lo que paró el Raton.
675 727 1164 822 SEGUNDA PARTE.
200 848 1635 916 en la que se espresa como fué cojido el Raton por la industria y sagacidad
201 898 1622 976 de una vieja, lo que la sucedió á esta por la codicia de meterse á cojer ra-
314 944 1524 1024 tones; y se espresa la distribucion de los miembros del Raton.
251 1018 718 1108 En el romance primero
205 1085 700 1140 mi torpe lengua escribió
210 1130 691 1198 las vanlentías y hazañas
208 1175 627 1233 del prodijioso Raton,
210 1204 711 1287 en el segundo prometo
215 1256 661 1320 contar el fin que llevó
205 1301 686 1373 y para seguir la historiá
214 1348 665 1420 á todos pido atencion.
215 1394 639 1452 Cansado el animalito
219 1429 627 1502 de tanta persecucion
215 1470 665 1541 á la casa de una vieja
220 1520 682 1598 se fué á tomar posesion.
214 1565 649 1631 Apenas le vió la vieja
216 1601 726 1680 dijo al pueblo en alta voz:
214 1651 801 1723 yo me atrevo á darle
218 1698 668 1771 a este leve malhechor;
219 1746 646 1810 y para poder hacerlo
215 1783 684 1856 tengo por medio mejor
211 1826 708 1896 darle de comer bastante
218 1872 678 1946 queso, tosino y jamon:
213 1912 749 1993 mas para que esto suceda
208 1958 659 2031 á nuestra satisfaccion,
211 1992 790 2082 le he de echar en la comida
213 2050 712 2116 de veneno gran porcion,
214 2077 890 2162 que estando el Raton hambriento
222 2142 680 2213 sin conocer la traicion,
213 2181 647 2243 será preciso reviente,
218 2218 739 2287 ó el diablo ha de ser sinó.
211 2274 653 2347 Aprobaron el consejo,
217 2312 636 2396 y para la operacion
932 1020 1427 1109 á la vieja la entregaron
936 1075 1388 1141 seis arrobas de jamon,
938 1126 1391 1186 otras tantas de tocino,
941 1162 1411 1232 y segun se me escribió,
942 1209 1422 1283 ochenta libras de queso
950 1258 1312 1316 para su casa llevó.
947 1291 1487 1361 Viendo la vieja en su casa
938 1342 1415 1412 junta tanta prevencion,
946 1384 1376 1453 daba saltos de alegria
943 1429 1434 1490 con notable admiracion.
944 1474 1399 1539 En un pernil de tocino
943 1517 1346 1580 hizo su composicion
945 1564 1359 1622 del soliman ó veneno
943 1610 1349 1674 segun ella lo pensó.
947 1636 1391 1724 En efecto, descuidado
942 1693 1329 1752 el miserable Raton
951 1724 1450 1812 comió de lo envenenado,
946 1786 1378 1848 y al instante reventó,
937 1815 1516 1900 Dió tan espantoso estruendo
939 1866 1378 1941 al punto que reventó
944 1903 1486 1991 que se oyó catorce leguas,
942 1956 1309 2021 y la caza derribó.
945 1975 1430 2078 Cuando la vieja pensaba
946 2045 1471 2123 ver lograda su intención;
950 2088 1387 2157 debajo de las paredes
950 2136 1419 2197 hecha tortilla se halló.
946 2183 1403 2246 Acudieron los vecinos,
947 2237 1419 2290 aunque llenos de temor
952 2272 1467 2331 y hallaron los dos difuntos,
948 2312 1399 2389 á la vieja y al Ratón;
