1737 2508
1321 243 1576 295 (Núm. 186.)
601 1053 1315 1114 DIALOGO
419 1166 1499 1230 ENTRE GALAN Y DAMA,
740 1271 1204 1323 CUTO TITULO ES,
289 1410 1656 1482 COBRAR LA FAMA ES NOBLEZA
374 1522 1583 1594 Y DESEMPEÑNAE SU AGRAVIO.
266 1696 955 1751 Saldrá la Dama con una espada
299 1746 931 1800 en la mano y dirá de esta suerte.
327 1809 861 1869 A desempeñar mi agravio
280 1870 887 1928 vengo, quejosa de un hombre,
281 1931 869 1988 y he de beber de su sangre;
286 1992 761 2043 á pesar de sus rigores,
286 2046 897 2102 sin que el mundo lo defienda,
291 2106 907 2159 aunque lo sientan los montes,
288 2164 785 2220 aunque bajen á millares
1008 1683 1557 1731 las estrellas de esos orbes,
1008 1737 1520 1789 ha de mediar esta causa
1001 1796 1549 1849 á los filos de este estoque,
1004 1854 1464 1909 dará la vida á la parca,
1005 1913 1521 1968 pagando sus sin razones;
1011 1968 1567 2023 el cual me ha dado palabra
1014 2027 1575 2083 de ser mi esposo, y faltóme
1016 2088 1499 2141 á las leyes de mi amor,
1009 2144 1573 2202 quebrando sus pundonores:
