1289 1751
529 165 546 184 <1

60 198 134 230 Esc.
198 197 228 229 Si
245 207 281 239 va
309 195 376 231 está
401 206 509 238 preso,
528 208 570 229 lio
587 197 691 239 paséis
712 198 751 228 de
773 208 863 239 raya.

59 243 132 274 Ale.
197 243 218 274 Y
241 242 330 274 tiene
347 246 477 283 puestas
493 242 600 274 calzas
616 242 656 274 de
678 242 832 275 Vizealia.

59 287 135 318 Sale
157 286 270 317 Ilomb.
297 287 399 319 Señor
420 286 569 319 Alcalde?

59 331 130 363 Ale.
192 330 262 371 Qué
278 330 354 372 hay?
373 341 437 372 que
453 331 492 362 ha
513 330 687 363 sucedido?

65 375 178 406 Ilomb.
197 384 263 415 que
279 376 308 406 c!
331 376 430 408 burro
445 376 486 407 de
509 377 538 407 la
553 376 662 408 cárcel
677 386 711 408 se
727 375 767 407 ha
784 375 899 408 salido.

65 419 136 451 Ale.
198 419 257 451 Esa
279 428 314 451 es
336 428 418 460 gran
443 419 587 456 malicia,

197 473 214 504 y
230 472 264 495 es
279 473 398 505 querer
416 464 506 496 hurla
524 464 623 496 hacer
638 464 677 495 de
693 464 723 497 la
736 464 881 505 justicia.

199 508 230 539 El
245 517 278 539 es
300 518 344 540 un
368 510 432 540 mal
450 508 581 544 nacido,
599 516 633 540 es
656 518 699 539 un
722 509 894 549 bergante:

197 552 318 587 andad,
342 552 589 584 notificádmele
610 552 639 584 al
656 552 812 588 instante,

197 605 262 636 que
284 596 308 627 si
331 596 394 637 hoy
417 605 458 628 no
474 605 592 637 parece
621 605 663 628 en
680 596 758 627 todo
778 597 809 628 el
830 596 897 632 día,

199 643 339 672 mañana
362 641 401 672 he
418 640 458 672 de
479 640 646 671 ahorcado
664 649 705 672 en
726 639 879 672 cortesía.

65 683 179 714 Ilomb.
196 684 369 716 Notificar?
389 683 406 715 á
422 684 538 726 quien?
553 685 597 724 Ay
615 684 658 715 tal
673 683 834 716 chacona!

65 728 136 759 Ale.
198 728 222 759 A
238 728 353 769 quien?
369 729 519 760 almismo
537 728 638 760 burro
655 737 696 759 cu
712 737 750 760 su
767 736 918 769 persona.

65 772 179 803 Ilomb.
197 772 229 803 Si
249 771 346 805 dicen
362 782 426 814 que
441 782 476 805 se
491 773 529 804 ha
546 772 612 804 ido:
639 781 673 804 es
694 771 879 805 desafuero.

65 816 137 848 Ale.
197 817 281 849 Pues
295 816 338 852 id,
359 815 585 849 notificádselo
606 816 636 848 al
652 815 808 848 Barbero.

65 860 179 893 ilomb.
196 862 265 901 Que
286 870 327 893 no
344 860 414 893 está
430 870 471 893 en
492 862 522 893 el
538 861 647 902 lugar,
669 870 711 893 no
733 861 817 892 seáis
840 860 959 893 tirano.

64 905 145 937 Alce
197 906 282 938 Pues
296 915 401 947 vayan
423 906 453 938 al
472 905 592 937 vecino
609 914 680 937 mas
700 913 856 937 cercano.

66 949 182 981 Ilomb.
200 950 347 986 Alcalde,
364 959 402 991 yo
424 960 465 983 no
481 949 638 982 entiendo
655 949 695 982 de
715 958 771 982 esa
791 949 938 982 historia.

64 994 136 1026 Ále.
198 995 264 1034 Hay
278 1004 351 1027 mas
366 1004 431 1036 que
452 994 633 1035 despachar
653 993 879 1036 requisitoria?

197 1038 375 1071 Escribano
398 1038 551 1071 escribid.

65 1082 140 1115 Esc.
202 1082 258 1114 Sin
274 1082 467 1116 dilaciones.

65 1127 137 1158 Ale.
197 1126 358 1163 Escribid,
376 1136 417 1159 no
437 1126 558 1169 gastéis
573 1128 682 1159 tantas
696 1135 850 1159 razones.

64 1170 179 1202 Ilomb.
197 1170 262 1203 Con
285 1180 330 1203 un
352 1171 452 1204 burro
470 1181 511 1204 no
531 1171 629 1203 valen
649 1180 722 1203 esos
744 1171 873 1203 modos.

63 1215 135 1246 Ale.
196 1215 239 1247 La
251 1214 382 1256 justicia
403 1214 444 1247 ha
461 1215 501 1247 de
517 1224 569 1247 ser
590 1215 676 1255 igual
692 1224 757 1247 con
772 1215 878 1247 todos.

63 1258 177 1290 Ilomb.
196 1259 280 1291 Pues
296 1268 339 1291 no
361 1260 391 1291 le
407 1259 448 1291 ha
464 1259 505 1292 de
520 1259 596 1291 salir
611 1260 642 1291 la
662 1259 756 1291 vurla
772 1269 814 1291 cu
837 1259 945 1292 valde.

63 1303 139 1334 Esc.
200 1303 243 1335 Ea
259 1302 367 1335 decid.

62 1347 135 1379 Ale.
197 1347 322 1380 Poned.
340 1349 404 1380 Nos
420 1357 457 1389 yo
475 1348 504 1380 el
527 1345 719 1381 Alcalde::::

63 1391 178 1424 Ilomb.
197 1392 282 1424 Gran
297 1392 469 1435 principio!

62 1436 134 1468 Ale.
194 1437 307 1469 Poned
322 1436 373 1469 ahi
395 1437 414 1469 á
433 1438 464 1470 la
485 1436 591 1473 orilla;

194 1480 577 1523 Tenicnte-Alguamacil
592 1480 633 1513 de
653 1483 790 1524 aquesta
804 1481 937 1513 villa::::

61 1524 175 1557 Ilomb.
193 1525 369 1558 Teniente?
390 1536 428 1568 ay
451 1527 495 1558 tal
517 1525 665 1559 borrico?

61 1569 133 1601 Ale.
197 1569 243 1602 No
264 1569 455 1612 repliquéis,
470 1569 604 1612 salvaje.

64 1613 176 1645 Ilomb.
194 1613 240 1646 No
256 1614 390 1655 replico.

61 1657 134 1689 Ale.
196 1659 222 1691 Y
237 1658 426 1699 Pregonero
441 1659 511 1692 real
531 1667 595 1691 con
617 1657 846 1691 evidencia::::

62 1702 175 1734 lomb.
194 1703 381 1738 Pregonero
403 1713 449 1736 un
470 1702 616 1735 Alcalde!
641 1712 675 1735 es
691 1702 896 1735 indecencia!
