1737 2508
1263 141 1420 186 (Número
1443 139 1532 181 207.)

562 219 1275 323 DECXHA8.

256 409 460 460 Chasco
508 399 762 454 sucedido
804 415 868 449 en
918 398 970 448 la
1017 399 1220 450 Ciudad
1274 401 1340 451 de
1395 398 1611 452 Valen

353 480 434 527 cia
487 489 587 524 con
634 487 707 520 un
758 471 1114 532 matrimonio,
1164 473 1513 523 manifestan¬

402 547 470 597 do
506 545 583 594 las
634 542 936 591 cuestiones
974 557 1077 607 que
1128 542 1236 591 han
1275 543 1457 593 tenido

761 612 856 662 dos
881 614 1100 676 amigos.

280 748 348 780 Con
367 755 435 778 una
455 743 564 784 mujer
581 739 695 773 bonita

236 792 324 825 tiene
344 800 390 823 un
408 787 541 821 hombre
560 794 607 818 un
623 793 833 827 mayorazgo,

234 837 289 869 sin
308 844 378 868 mas
398 831 528 873 trabajo
546 838 609 872 que
630 828 765 861 hacerse

235 890 282 915 un
303 888 385 922 poco
403 877 434 911 el
454 872 677 909 disimulado.

283 968 331 1000 Yo
352 965 427 998 nací
444 961 692 997 desventurado

241 1012 282 1046 de
304 1013 333 1044 la
356 1010 498 1052 pobreza
515 1014 559 1039 en
579 1006 611 1038 el
640 1014 735 1042 seno,

243 1065 315 1090 mas
335 1064 432 1088 como
450 1053 481 1085 lo
506 1050 597 1083 malo
623 1059 640 1092 y
661 1049 772 1082 bueno

245 1099 317 1134 está
334 1107 376 1131 en
394 1099 425 1131 el
446 1094 573 1129 mundo
594 1093 780 1132 mezclado,

246 1145 277 1178 la
298 1145 430 1176 fortuna
451 1149 505 1173 me
523 1139 564 1171 lia
582 1137 734 1179 obligado

250 1189 292 1222 de
306 1196 373 1219 una
391 1192 529 1218 manera
547 1181 722 1223 esquisita:

250 1241 347 1266 como
370 1229 434 1262 ella
451 1228 504 1266 da,
532 1235 549 1268 y
565 1226 630 1259 ella
649 1226 754 1267 quita,

252 1285 308 1310 me
324 1272 399 1315 legó
413 1271 432 1305 á
449 1271 494 1304 mi
513 1271 543 1304 la
576 1269 732 1311 pobreza;

254 1328 337 1363 pero
355 1326 410 1350 me
426 1315 479 1349 dió
495 1323 567 1347 mas
587 1313 722 1355 riqueza

256 1373 316 1396 con
332 1371 400 1394 una
419 1368 534 1402 muger
554 1358 679 1390 bonita.

301 1406 402 1439 Dirán
431 1405 480 1437 los
496 1402 655 1435 hombres
673 1410 738 1443 que
754 1411 810 1442 soy

258 1449 378 1484 nacido
395 1458 436 1481 en
451 1447 547 1489 signo
575 1444 739 1483 cabruno,

260 1491 482 1536 Capricornio,
502 1490 580 1524 todo
602 1498 638 1522 es
652 1498 732 1528 uno,

262 1548 334 1571 mas
352 1546 390 1579 yo
409 1545 471 1577 voy
484 1535 502 1568 á
522 1535 554 1567 lo
572 1541 637 1575 que
658 1542 732 1575 voy;

263 1591 389 1625 porque
411 1589 453 1614 en
469 1579 501 1612 el
520 1578 573 1611 dia
589 1578 631 1610 de
647 1577 712 1618 hoy

265 1636 308 1660 no
330 1625 430 1659 sudar
450 1633 485 1656 es
506 1632 550 1656 un
571 1621 736 1663 hallazgo;

267 1670 316 1704 mi
334 1678 411 1704 casa
427 1677 463 1701 es
479 1675 578 1701 como
604 1674 652 1698 un
673 1668 843 1707 portazgo;

269 1723 352 1757 paga
374 1713 455 1745 todo
486 1711 518 1744 el
538 1719 604 1753 que
624 1712 719 1743 entra
737 1718 779 1742 en
795 1708 872 1748 ella;

270 1759 298 1791 si
317 1767 382 1792 con
412 1765 480 1789 una
497 1763 618 1796 muger
634 1752 721 1786 bella

272 1803 361 1835 tiene
379 1810 423 1833 un
441 1799 575 1832 hombre
590 1806 636 1830 un
654 1806 864 1839 mayorazgo.

317 1843 515 1887 Cualquiera
532 1851 599 1885 que
611 1842 695 1883 haya
715 1841 836 1875 nacido

275 1891 316 1924 de
335 1890 364 1922 la
382 1889 516 1922 fortuna
534 1886 695 1924 mimado,

276 1943 321 1968 no
336 1930 513 1975 apetecerá
534 1929 581 1963 mi
602 1929 730 1962 estado:

277 1981 352 2012 esto
375 1986 411 2009 es
434 1984 513 2016 muy
529 1974 637 2008 cierto
659 1983 677 2014 y
697 1972 826 2006 sabido:

277 2020 427 2055 también
446 2029 484 2061 yo
503 2017 642 2051 hubiera
664 2016 803 2059 querido

280 2076 323 2100 en
342 2065 386 2098 tal
406 2063 519 2097 estado
540 2071 655 2098 nacer;

280 2120 322 2143 en
338 2108 369 2142 él
387 2117 423 2140 se
439 2116 481 2140 ve
495 2106 683 2140 establecer

283 2155 313 2186 la
329 2155 443 2186 suerte
458 2160 530 2183 mas
546 2154 726 2182 venturosa

287 2198 328 2230 de
346 2205 413 2230 una
434 2195 525 2237 prole
546 2202 737 2232 numerosa,

286 2242 340 2274 sin
361 2250 430 2273 mas
449 2239 579 2282 trabajo
596 2247 659 2281 que
672 2238 784 2271 hacer.

1006 741 1073 774 Mas
1090 749 1127 782 ya
1148 748 1213 781 que
1231 739 1335 782 pobre
1352 740 1440 781 nací,

962 782 1152 825 aprovechó
1173 784 1202 816 la
1220 784 1355 818 ocasión

967 838 1031 870 que
1049 838 1092 862 no
1109 827 1144 861 és
1160 828 1270 862 fuerza
1287 828 1328 862 de
1345 838 1445 862 razón

967 881 1146 916 quererme
1167 880 1206 914 yo
1223 872 1343 915 propio
1360 873 1378 906 á
1395 872 1454 906 mí:

968 920 998 952 la
1017 918 1122 950 honra
1141 925 1182 949 en
1204 918 1235 949 el
1255 918 1307 950 dia
1325 926 1360 951 es
1377 926 1420 951 en
1439 916 1467 950 sí

971 972 1015 995 un
1038 960 1134 993 titulo
1156 969 1235 1001 muy
1255 961 1404 1003 gastado:

972 1017 991 1048 y
1007 1015 1045 1049 yo
1064 1005 1137 1037 vivo
1154 1005 1316 1047 reposado

972 1052 1066 1093 logro
1082 1058 1197 1083 comer
1211 1058 1229 1089 y
1246 1049 1348 1083 beber

975 1095 1027 1127 sin
1049 1097 1122 1126 otra
1142 1102 1219 1125 cosa
1237 1102 1303 1135 que
1318 1094 1420 1128 hacer

976 1148 1022 1172 un
1033 1147 1115 1180 poco
1133 1137 1165 1169 el
1185 1136 1404 1170 disimulado.

1027 1225 1165 1258 Cuando
1183 1233 1267 1267 pare
1286 1234 1353 1259 una
1370 1225 1478 1267 mujer

982 1270 1076 1312 luego
1091 1269 1166 1301 dice
1187 1269 1221 1300 la
1243 1270 1419 1308 Comadre,

982 1313 1013 1347 si
1032 1324 1064 1346 es
1078 1312 1248 1355 chiquilla
1269 1313 1287 1346 ó
1304 1313 1472 1356 chiquillo

984 1359 1060 1391 lodo
1077 1366 1199 1400 parece
1214 1357 1234 1390 á
1257 1367 1296 1390 su
1316 1358 1437 1391 Padre.

1031 1445 1057 1477 A
1075 1445 1166 1478 darle
1180 1445 1211 1478 la
1229 1445 1443 1478 enorabuena

990 1492 1108 1533 parten
1128 1489 1222 1522 todos
1242 1489 1291 1522 los
1311 1489 1438 1531 amigos

992 1535 1041 1567 las
1057 1532 1194 1566 vecinas
1212 1542 1229 1574 y
1249 1533 1385 1567 vecinos

994 1577 1149 1611 diciendo
1166 1578 1208 1610 de
1228 1581 1299 1610 esta
1316 1586 1468 1610 manera:

995 1623 1095 1663 luego
1115 1624 1213 1654 entra
1226 1624 1297 1654 otra
1313 1621 1477 1654 salamera

997 1664 1219 1707 disponiendo
1234 1674 1299 1706 que
1312 1665 1379 1697 han
1394 1665 1435 1698 de
1451 1666 1555 1698 hacer

999 1718 1016 1751 y
1035 1710 1064 1741 la
1081 1709 1243 1742 Comadre
1261 1709 1410 1742 también

999 1753 1101 1787 habla
1118 1753 1178 1784 mil
1195 1752 1393 1795 majaderías

1002 1806 1044 1831 en
1060 1798 1105 1829 fin
1122 1797 1199 1830 todo
1217 1806 1252 1830 es
1266 1797 1390 1838 alegria

1005 1841 1136 1875 cuando
1148 1850 1233 1883 pare
1253 1850 1321 1873 una
1339 1841 1460 1883 mujer.

1051 1886 1162 1926 Luego
1179 1886 1302 1918 vienen
1323 1884 1371 1917 los
1391 1883 1551 1926 padrinos

1007 1927 1025 1962 á
1046 1929 1163 1961 visitar
1182 1930 1213 1961 la
1230 1928 1344 1970 parida

1010 1972 1073 2005 allá
1091 1982 1130 2005 va
1148 1973 1307 2006 comadre
1324 1973 1390 2005 mia

1011 2026 1071 2059 por
1087 2017 1116 2049 la
1133 2017 1228 2050 salud
1249 2016 1289 2049 de
1307 2021 1380 2049 este
1398 2016 1491 2048 niño:

1011 2061 1038 2093 si
1058 2071 1093 2094 es
1113 2062 1216 2102 pobre
1230 2061 1348 2093 brinda
1367 2069 1429 2094 con
1447 2061 1529 2092 vino

1008 2114 1073 2146 que
1094 2114 1129 2138 es
1151 2105 1234 2138 licor
1258 2114 1328 2137 mas
1348 2103 1503 2146 agradabl

1015 2158 1032 2190 y
1050 2158 1126 2190 para
1144 2157 1211 2191 que
1228 2157 1299 2181 mas
1315 2157 1350 2181 se
1370 2148 1479 2187 alabe,

1016 2197 1113 2226 entre
1138 2194 1234 2226 fiesta
1258 2192 1389 2225 crecida

1014 2247 1079 2281 que
1098 2246 1176 2272 cara
1192 2247 1264 2271 mas
1285 2237 1438 2280 parecida
