1765 2512
365 206 391 246 2

249 260 367 291 Cuando
379 260 403 291 el
424 259 481 299 Rey
497 268 532 291 en
550 259 573 290 sí
590 258 670 291 hubo
687 256 792 294 vuelto,

249 301 319 340 dijo,
339 300 476 331 ardiendo
488 310 523 330 en
538 300 599 330 viva
618 297 708 330 rabia:

248 342 329 371 iodos
344 341 385 371 los
396 340 415 370 A
423 340 610 379 bencerrages

249 381 305 419 hoy
325 381 381 410 han
395 379 431 409 de
449 380 550 413 morir,
570 388 586 417 y
604 377 709 408 manda

250 429 306 459 que
316 419 357 449 los
375 420 478 449 llamen
497 421 579 449 unoá
601 426 669 450 uno,

248 468 265 497 y
278 468 332 490 con
349 466 408 489 este
420 459 501 489 ardid
517 468 532 497 y
551 464 625 488 traza

250 499 360 538 degolló
373 500 455 528 hasta
473 500 576 528 treinta
594 508 610 536 y
628 496 696 527 seis:

249 547 266 577 y
283 548 336 568 con
356 538 435 568 lodos
448 538 580 572 acabara,

250 579 264 607 á
278 587 313 607 no
331 578 465 608 revelarlo
483 588 521 608 un
541 587 621 616 page.

248 617 416 647 Alborotóse
432 617 576 649 Gramda,

250 657 376 687 dividida
395 657 456 687 toda
469 667 502 687 en
522 656 643 689 bandos,

251 706 267 735 y
279 697 292 726 á
304 707 374 736 gran
392 697 542 727 desdichas
561 697 677 735 llegara,

250 736 273 766 si
286 738 310 766 el
324 747 389 775 muy
401 737 529 766 valeroso
547 737 628 766 Muza

249 776 316 805 todo
329 786 366 806 no
383 777 408 806 lo
419 785 561 814 sosegara.

249 815 354 846 Mandó
368 817 393 846 el
411 816 468 854 Rey
487 816 588 845 llamar
600 815 641 844 los
658 813 800 847 Grandes,

248 865 266 894 y
282 856 384 894 juntos
397 864 431 885 en
445 855 469 884 la
491 855 550 885 real
568 855 638 888 sala,

250 896 321 925 salió
338 896 362 925 el
377 896 434 933 Rey
453 895 518 924 todo
532 893 681 928 enlutado,

250 944 267 974 y
285 935 324 965 les
342 935 502 974 propúsola
520 943 618 964 causa:

250 983 308 1013 que
328 984 396 1004 eran
410 975 451 1003 los
468 974 681 1012 Abencerrages

249 1014 401 1049 traidores,
420 1022 490 1051 pues
507 1013 678 1043 intentaban

250 1054 375 1092 quitarle
387 1054 411 1083 el
429 1054 507 1082 reino
524 1063 538 1090 y
552 1054 577 1082 la
590 1053 666 1085 vida;

249 1102 267 1131 y
290 1103 346 1132 que
363 1094 386 1122 la
404 1093 490 1121 Reina
506 1092 619 1122 trataba

250 1142 303 1163 con
318 1133 403 1162 Albín
417 1132 534 1162 líamete
546 1140 671 1165 amores,

251 1172 397 1202 habiendo
409 1173 511 1201 dentro
526 1181 561 1201 en
579 1172 604 1201 la
622 1171 680 1201 sala

252 1217 355 1242 cuatro
367 1213 483 1250 testigos
499 1211 535 1240 de
551 1212 637 1244 vista,

253 1261 309 1290 que
322 1252 474 1283 unánimes
490 1251 674 1281 declaraban.

250 1290 409 1321 Levantóse
423 1290 479 1322 allí,
498 1290 632 1320 diciendo

252 1340 292 1361 un
311 1331 489 1360 Amoradien
508 1339 557 1359 voz
575 1330 644 1359 alta:

252 1379 284 1400 es
299 1371 325 1400 la
344 1371 432 1400 Reina
448 1379 516 1407 muy
532 1369 667 1401 honesta,

253 1419 269 1449 y
287 1420 321 1440 en
339 1410 390 1440 ella
408 1419 444 1439 no
460 1410 530 1438 cabe
547 1408 683 1440 mancha,

252 1459 270 1488 y
288 1460 349 1481 esos
366 1449 523 1482 caballeros
537 1449 677 1481 mienten,

253 1498 269 1526 y
287 1490 313 1519 lo
331 1488 502 1519 mantendré
514 1498 548 1518 en
560 1490 714 1526 campaña,

252 1529 317 1569 ijijo
334 1530 401 1567 aqui
417 1529 439 1557 el
458 1529 581 1557 discreto
600 1528 694 1556 Muza:

253 1569 281 1599 lo
294 1579 349 1607 que
367 1570 489 1606 importa
507 1577 537 1597 es
554 1567 578 1596 el
598 1565 727 1596 llamarla

254 1609 322 1647 aquí
339 1619 353 1638 a
367 1609 515 1647 presencia
531 1607 568 1636 de
582 1607 676 1641 todos,

253 1658 270 1687 y
287 1650 311 1678 la
330 1648 479 1678 acusación
493 1656 523 1676 se
540 1647 624 1685 haga.

255 1688 326 1718 Vino
342 1698 394 1719 con
413 1696 515 1726 pompa
528 1696 543 1725 y
565 1684 717 1724 grandeza,

255 1738 307 1759 con
323 1738 373 1758 sus
383 1728 525 1757 doncellas
541 1735 555 1763 y
573 1725 686 1755 damas.

254 1768 320 1807 Dijo
332 1768 424 1800 Muza;
441 1765 526 1795 Reina
544 1766 690 1798 hermosa,

255 1809 367 1842 sabrás,
385 1815 468 1836 como
485 1804 551 1843 aquí
566 1813 600 1834 en
618 1803 644 1834 la
657 1803 717 1833 sala

255 1848 311 1885 hay
327 1846 490 1876 Caballeros
506 1854 563 1883 que
579 1852 674 1882 ponen

255 1887 320 1916 dolo
336 1896 371 1917 en
384 1891 415 1916 tu
435 1885 526 1914 honor
542 1894 556 1921 y
575 1889 605 1912 tu
620 1883 707 1918 fama,

256 1936 273 1965 y
290 1936 346 1965 que
356 1935 408 1955 ton
428 1925 510 1954 Albín
526 1925 646 1954 líamete

261 1976 276 1995 e
292 1976 307 2004 y
346 1965 488 2003 conyugal
502 1964 691 2002 quebrantas,

252 2005 321 2035 Este
335 2004 425 2044 juicio
442 2013 472 2032 se
492 2003 593 2032 remite

255 2045 282 2075 al
292 2043 420 2075 tribunal
437 2043 472 2072 de
488 2042 528 2072 las
546 2050 656 2072 armas:

252 2090 353 2115 cuatro
369 2093 420 2113 son
434 2083 476 2112 los
492 2091 549 2120 que
559 2087 586 2112 te
603 2088 726 2113 acusan,

253 2130 330 2153 otros
348 2128 447 2153 cuatro
460 2131 509 2160 por
529 2121 549 2151 tí
567 2122 666 2160 salgan

284 2163 422 2193 defender
439 2162 466 2191 lo
479 2162 637 2194 contrario,

254 2213 270 2242 y
288 2204 311 2233 si
329 2211 415 2233 vence
432 2210 464 2231 su
476 2201 658 2234 arrogancia,

255 2248 284 2272 tu
304 2243 396 2272 honor
409 2240 499 2279 queda
518 2238 691 2272 acrisolado;

255 2292 317 2312 mas
330 2282 353 2311 si
371 2282 462 2320 queda
481 2280 505 2309 la
520 2283 661 2318 campaña

255 2332 308 2361 por
325 2322 366 2352 los
378 2324 480 2351 cuatro
496 2329 552 2358 que
570 2325 597 2349 le
613 2326 734 2353 acusan,

978 263 1010 287 se
1022 253 1206 287 amancillará
1225 257 1255 285 tu
1274 253 1362 289 Tama,

979 306 995 336 y
1013 306 1064 335 por
1076 296 1224 327 alcoranas
1240 295 1317 332 leyes

979 337 1071 366 tienes
1087 337 1123 366 de
1141 335 1233 364 morir
1251 334 1406 372 quemada;

981 376 1085 406 treinta
1103 375 1165 405 dias
1177 374 1233 413 hay
1246 374 1280 404 de
1292 374 1381 413 plazo.

981 415 1042 445 Ella
1055 416 1099 445 sin
1114 414 1247 444 turbarse
1256 422 1291 443 en
1309 413 1395 445 nada,

982 455 1115 485 mirando
1131 457 1146 484 á
1164 463 1202 483 un
1222 453 1286 482 lado
1304 462 1318 492 y
1330 454 1343 483 á
1362 458 1437 485 otro,

981 504 1064 524 como
1081 504 1136 533 que
1152 502 1182 523 se
1200 492 1312 522 hallaba
1330 491 1417 524 salva,

982 534 1084 564 viendo
1101 543 1156 573 que
1172 533 1213 562 los
1226 533 1440 563 circunstantes

983 583 1052 612 muy
1075 572 1241 603 mesurados
1252 571 1382 605 estaban,

983 617 1052 642 tuvo
1070 622 1121 652 por
1137 612 1225 642 cierta
1242 609 1387 641 evidencia

981 653 1011 682 lo
1028 662 1084 691 que
1099 650 1244 683 discurrió
1261 659 1308 680 ser
1324 651 1444 681 chanza.

984 691 1008 722 Y
1025 692 1083 731 dijo
1100 700 1169 728 muy
1183 692 1327 724 animosa,

986 740 1038 761 con
1056 730 1189 770 gallardía
1209 731 1333 760 bizarra:

984 771 1136 809 cualquier
1152 770 1301 799 Caballero
1313 769 1403 803 Moro,

985 819 1042 848 que
1059 820 1092 840 en
1112 810 1150 840 mi
1164 811 1254 839 honor
1266 809 1300 837 ha
1319 813 1419 847 puesto
1436 807 1529 843 tacha,

984 850 1094 879 miente
1112 850 1219 879 traidor
1236 858 1252 887 y
1270 848 1384 881 villano;

984 897 1001 927 y
1015 889 1081 928 aqui
1099 889 1186 919 ahora
1203 889 1249 918 sin
1267 887 1402 917 tardanza

983 928 1147 967 pónganme
1164 929 1189 957 la
1206 927 1360 957 acusación

985 972 1032 997 tan
1051 969 1096 997 sin
1110 968 1298 998 fundamento
1316 976 1332 1005 y
1350 965 1436 1001 falsa,

984 1016 1041 1045 que
1057 1017 1092 1045 yo
1107 1008 1200 1037 confio
1216 1017 1250 1037 en
1269 1006 1331 1039 Alá,

984 1056 1096 1082 queme
1111 1048 1144 1076 lia
1162 1048 1196 1075 de
1206 1055 1287 1076 sacar
1305 1055 1339 1075 en
1358 1045 1478 1084 palmas.

984 1085 1007 1115 Y
1024 1086 1190 1125 guardando
1206 1087 1399 1120 ceremonias,

983 1124 1028 1155 los
1044 1127 1183 1155 traidores
1196 1134 1227 1155 se
1244 1126 1388 1158 leventan,

984 1173 1002 1203 y
1016 1173 1108 1203 ponen
1125 1174 1160 1194 en
1177 1165 1330 1195 acusación

987 1213 1041 1234 con
1060 1205 1138 1234 todas
1149 1205 1189 1234 las
1202 1204 1445 1236 circunstancias.

987 1243 1026 1273 La
1046 1245 1127 1275 triste
1148 1244 1235 1274 Reina
1250 1245 1365 1282 afligida

987 1292 1018 1312 se
1032 1283 1146 1323 despoja
1161 1284 1195 1313 de
1209 1293 1259 1313 sus
1271 1285 1361 1322 galas,

989 1331 1005 1361 y
1018 1332 1052 1352 en
1069 1324 1094 1353 la
1109 1330 1184 1354 torre
1195 1324 1230 1352 de
1241 1324 1376 1354 Gomares

990 1364 1095 1393 mandó
1110 1363 1136 1393 el
1155 1363 1213 1400 Rey
1225 1363 1402 1401 asegurarla,

990 1410 1043 1431 con
1058 1403 1081 1432 la
1099 1402 1187 1432 orden
1207 1412 1274 1439 muy
1293 1411 1419 1441 espresa,

989 1450 1045 1479 que
1062 1452 1099 1472 no
1116 1441 1194 1472 fuera
1206 1441 1326 1471 visitada

988 1481 1023 1510 de
1041 1483 1134 1515 nadie,
1153 1481 1216 1510 sino
1229 1482 1262 1510 de
1280 1481 1364 1513 Muza

990 1529 1044 1558 por
1058 1531 1103 1551 ser
1113 1522 1148 1550 de
1160 1529 1193 1549 su
1212 1521 1370 1550 confianza.

988 1561 1029 1590 De
1046 1570 1095 1591 sus
1112 1560 1212 1590 damas
1221 1568 1251 1589 se
1261 1560 1390 1598 despide,

987 1600 1151 1630 llevándose
1166 1609 1201 1629 en
1214 1609 1250 1628 su
1271 1602 1412 1637 compaña

990 1645 1038 1669 tan
1061 1640 1121 1669 solo
1136 1640 1160 1668 la
1180 1648 1241 1668 mas
1258 1639 1391 1676 querida,

991 1688 1047 1716 que
1065 1689 1112 1709 era
1130 1679 1154 1708 la
1175 1679 1307 1708 hermosa
1327 1678 1500 1716 Esperanza.

990 1719 1034 1749 En
1053 1724 1100 1749 tan
1122 1727 1239 1756 amargo
1251 1718 1384 1748 conflicto

990 1759 1029 1789 tal
1045 1768 1093 1788 vez
1111 1766 1143 1797 ya
1161 1758 1347 1795 desesperada

986 1799 1088 1838 quería
1106 1797 1217 1827 abrirse
1235 1797 1277 1826 las
1295 1805 1392 1831 venas,

986 1847 1098 1878 porque
1114 1847 1152 1868 no
1162 1846 1192 1865 se
1212 1836 1254 1865 les
1270 1836 1383 1875 logrará

987 1880 1011 1909 el
1031 1888 1079 1908 ver
1096 1886 1128 1907 su
1148 1880 1260 1905 muerte
1277 1877 1430 1906 afrentosa.

988 1918 1010 1948 Y
1030 1916 1187 1947 animando
1204 1916 1227 1945 la
1241 1915 1411 1954 Esperanza,

986 1957 1013 1987 le
1030 1958 1100 1996 dijo:
1120 1956 1232 1987 sabrás,
1251 1959 1366 1990 señora,

987 2007 1044 2035 que
1062 2007 1095 2035 yo
1117 2003 1238 2026 conozco
1256 2004 1292 2024 en
1308 1996 1346 2024 mi
1360 1994 1449 2034 patria

988 2046 1027 2066 un
1047 2036 1156 2065 famoso
1173 2034 1331 2068 Caballero,

988 2085 1045 2115 que
1061 2077 1117 2105 don
1133 2074 1209 2102 Juan
1223 2073 1338 2104 Chacón
1353 2081 1384 2102 se
1400 2072 1499 2107 llama,

989 2125 1006 2151 y
1023 2117 1054 2144 sé
1072 2123 1128 2154 que
1141 2114 1164 2142 si
1182 2113 1217 2142 de
1232 2113 1259 2142 él
1277 2118 1303 2143 te
1320 2114 1410 2145 vales;

989 2155 1062 2184 libre
1075 2155 1110 2184 ha
1127 2153 1162 2182 de
1178 2153 1288 2190 quedar
1307 2158 1336 2182 tu
1352 2153 1439 2181 fama.

991 2194 1030 2223 La
1052 2194 1138 2224 Reina
1163 2192 1240 2221 lomó
1261 2192 1286 2221 el
1298 2191 1424 2230 consejo,

990 2243 1006 2271 y
1024 2234 1048 2263 al
1067 2237 1156 2271 punto
1167 2231 1292 2261 escribió
1306 2241 1360 2261 una
1379 2234 1470 2263 carta,

990 2273 1134 2303 diciendo:
1150 2274 1236 2300 señor
1253 2271 1310 2299 don
1328 2270 1415 2305 Juan,

990 2313 1005 2342 á
1021 2314 1107 2353 quien
1125 2311 1215 2342 realza
1232 2311 1258 2340 la
1269 2311 1346 2341 fama
