1700 2440
289 184 309 215 2

246 228 288 261 La
298 227 405 270 mujer
415 236 479 270 que
489 231 671 262 encuentre
681 237 724 260 un
736 227 875 260 hombre

201 273 280 309 fino,
300 275 476 305 constante
491 281 509 314 y
525 272 602 310 leal,

201 316 334 353 llévelo,
355 326 412 357 por
428 324 504 349 cosa
520 326 608 353 rara,

202 362 220 395 á
237 361 265 394 la
283 360 424 393 Historia
441 361 588 393 Natural.

246 406 283 438 El
304 414 398 437 amor
414 414 478 446 que
494 405 600 438 siente
617 406 646 439 el
661 407 800 440 hombre

203 458 236 483 es
258 458 354 483 como
372 449 400 482 la
419 447 491 481 leña
508 450 621 488 verde,

202 503 267 536 que
285 493 371 525 llena
388 493 428 525 de
448 493 551 526 humo
573 494 601 526 la
624 504 698 527 casa

201 547 218 580 y
237 538 335 579 luego
354 537 565 579 desaparece.

247 581 383 615 Anoche
403 582 484 614 soñé
500 582 634 624 contigo

202 636 220 668 y
236 625 282 659 fui
305 636 381 666 muy
399 626 471 659 feliz
492 630 661 664 entonces;

203 671 276 704 Dios
295 679 348 703 me
361 674 502 711 otorgue
515 671 578 712 hoy
592 672 713 704 mucho
728 675 831 705 sueño

201 724 280 758 para
298 716 396 747 soñar
413 715 443 747 lo
465 714 505 747 de
522 716 661 749 anoche.

247 761 318 792 Aun
336 767 497 792 conservo
513 763 546 791 tu
564 763 696 799 retrato,

200 813 217 845 y
235 804 327 836 hasta
345 803 375 835 le
391 803 518 844 guardo
534 812 595 836 con
615 805 711 842 llave,

200 857 264 890 que
283 846 314 880 él
332 856 385 880 me
399 847 558 880 recuerda
581 849 609 880 la
627 849 760 883 historia

200 893 240 925 de
257 892 352 924 todas
367 895 420 924 tus
437 892 655 931 liviandades,

246 936 292 968 Yo
310 936 352 968 he
369 939 502 969 muerto
520 946 557 978 ya
576 946 652 978 para
671 936 693 970 ti

200 981 286 1013 hace
303 979 503 1012 muchísimo
522 980 659 1023 tiempo;

202 1024 336 1067 cumple
351 1025 381 1057 el
399 1024 521 1061 refrán,
540 1025 605 1067 hija
621 1026 699 1063 mia,

203 1069 243 1103 de
256 1077 321 1111 que
335 1069 350 1101 á
365 1077 421 1110 rey
433 1073 578 1106 muerto,
596 1079 652 1112 rey
671 1075 799 1113 puesto.

246 1113 279 1145 Si
297 1122 330 1146 es
348 1113 451 1145 cierto
470 1122 535 1155 que
552 1123 592 1146 en
609 1119 677 1148 este
695 1116 820 1149 mundo

202 1156 301 1200 quien
319 1157 384 1189 mal
401 1156 483 1189 anda
503 1157 568 1190 mal
587 1157 698 1198 acaba,

203 1202 291 1235 tiene
306 1210 371 1243 que
387 1210 440 1234 ser
457 1205 493 1234 tu
512 1202 635 1242 castigo

203 1251 258 1279 tan
276 1245 404 1288 grande
424 1254 521 1279 como
543 1250 576 1279 tu
595 1247 685 1280 falta.

246 1292 347 1323 Amar
367 1291 396 1322 al
416 1289 557 1332 prójimo
575 1291 697 1325 ordena

200 1334 241 1367 de
261 1334 336 1367 Dios
356 1334 386 1367 el
403 1339 498 1367 santo
515 1340 684 1377 precepto;

199 1382 309 1412 tantos
326 1387 429 1414 amas,
444 1387 510 1419 que
525 1379 551 1411 si
569 1388 714 1416 mueres,

200 1427 232 1456 te
248 1432 304 1455 vas
321 1423 492 1456 derechita
509 1423 539 1455 al
557 1423 654 1457 cielo.

244 1467 364 1500 Mucho
383 1467 468 1499 daño
486 1476 540 1499 me
559 1468 616 1501 has
633 1469 776 1502 causado

199 1511 249 1544 sin
269 1512 372 1553 llegar
393 1511 410 1543 á
428 1511 633 1551 condolerte;

201 1564 280 1598 pero
299 1555 396 1597 aquel
413 1565 477 1597 que
494 1555 510 1588 á
530 1556 639 1590 hierro
659 1562 745 1590 mata

201 1609 239 1641 ya
255 1600 352 1632 sabes
369 1608 434 1641 que
452 1601 467 1632 á
487 1600 597 1633 hierro
615 1611 744 1635 muere.

245 1644 302 1684 ¿Es
323 1643 451 1686 posible
469 1644 569 1686 padre
590 1645 679 1678 Adan

203 1697 268 1730 que
285 1688 401 1720 siendo
418 1694 552 1721 vuestra
569 1692 702 1723 merced

201 1733 231 1765 el
253 1732 379 1775 primer
399 1732 541 1765 hombre
557 1732 608 1765 del
629 1736 767 1771 mundo,

201 1777 231 1809 le
248 1778 416 1818 engañara
437 1786 502 1809 una
523 1779 647 1819 mujer?

249 1821 291 1854 De
312 1830 377 1853 una
396 1821 526 1853 costilla
549 1822 589 1853 de
611 1823 701 1856 Adan

202 1865 275 1898 hizo
294 1865 370 1897 Dios
388 1864 404 1897 á
427 1865 454 1897 la
476 1865 597 1908 mujer,

202 1919 279 1951 para
298 1908 422 1951 dejarle
440 1909 455 1942 á
479 1910 526 1942 los
544 1912 704 1945 hombres

202 1963 257 1986 ese
276 1952 379 1986 hueso
399 1963 464 1996 que
482 1964 567 1986 roer.

248 1998 308 2030 Las
327 1997 471 2040 mujeres
488 2008 552 2040 que
571 2000 629 2039 hay
647 2000 749 2033 ahora

202 2051 261 2074 son
281 2051 376 2074 como
395 2043 440 2074 las
460 2045 560 2075 cañas
577 2044 704 2082 verdes,

202 2096 262 2128 por
280 2086 364 2119 cima
387 2086 498 2119 tienen
522 2087 550 2119 la
570 2097 703 2130 pompa,

203 2140 263 2173 por
280 2130 353 2172 bajo
372 2132 421 2163 los
437 2132 634 2165 arambeles.

249 2174 387 2216 Aquella
407 2177 514 2214 mujer
531 2186 596 2219 que
616 2176 730 2218 quiere

203 2220 344 2252 mandar
361 2228 430 2252 mas
451 2229 516 2262 que
531 2231 569 2253 su
588 2221 728 2260 marido,

208 2264 323 2303 ¡Santo
344 2263 446 2297 Cristo
467 2265 519 2297 del
537 2269 681 2307 garrote,

204 2306 278 2341 leña
296 2307 348 2341 del
366 2308 474 2342 Yerbo
492 2308 615 2343 divino!

959 229 1038 261 Tres
1051 229 1168 271 jueves
1185 229 1248 271 hay
1265 238 1304 262 en
1321 229 1352 262 el
1369 232 1432 262 año

914 282 980 314 que
1000 273 1193 305 relumbran
1210 282 1306 306 como
1323 274 1352 306 el
1371 275 1434 307 sol:

913 318 1036 350 Jueves
1056 318 1171 354 Santo,
1189 318 1313 360 Corpus
1332 318 1464 355 Christi,

914 372 931 404 y
947 363 975 394 el
995 362 1046 394 dia
1063 363 1103 394 de
1120 362 1149 394 la
1168 362 1366 395 Ascensión.

959 406 1003 438 En
1023 407 1049 438 la
1064 406 1202 439 soledad
1221 407 1272 439 del
1291 415 1409 448 campo

914 459 968 482 me
982 460 1060 492 puse
1074 449 1090 482 á
1107 450 1210 483 llorar
1224 451 1284 483 mis
1299 460 1412 490 penas,

913 504 931 536 y
948 495 1003 527 fué
1018 499 1071 526 tan
1092 494 1216 535 grande
1237 495 1280 527 mi
1298 495 1401 528 llanto

914 548 980 581 que
997 540 1192 571 florecieron
1210 539 1258 571 las
1274 539 1401 580 yerbas.

961 584 1005 615 En
1027 585 1055 615 el
1074 592 1191 624 campo
1210 592 1274 616 una
1293 585 1434 616 mañana

914 627 992 669 Cogí
1010 637 1086 669 para
1105 626 1127 659 tí
1146 637 1209 660 una
1227 628 1299 665 flor;

913 672 955 704 Se
973 681 1026 704 me
1045 671 1158 714 perdió
1178 682 1217 704 en
1234 673 1264 703 el
1281 672 1428 710 camino,

915 716 938 747 Y
957 725 1017 748 con
1035 716 1098 748 ella
1116 715 1145 748 la
1163 715 1298 748 ilusión.

959 759 1051 793 Dices
1069 769 1133 802 que
1151 763 1184 792 tu
1201 769 1293 793 amor
1310 769 1345 793 es
1358 760 1434 794 loco

915 806 939 836 Y
958 814 994 846 yo
1017 814 1081 847 que
1095 814 1128 837 es
1146 804 1219 837 loco
1236 803 1279 836 mi
1293 813 1402 842 amor;

915 850 985 888 Que
1002 858 1059 881 nos
1075 848 1246 882 encierren
1267 858 1325 890 por
1343 849 1435 882 locos

915 894 996 926 Pero
1011 893 1124 935 juntos
1140 893 1157 925 á
1172 893 1220 925 los
1238 893 1307 926 dos.

959 937 1117 970 Morenita
1136 947 1151 979 y
1173 938 1342 975 enlutada,

918 980 998 1021 ¡Qué
1015 981 1092 1014 bien
1111 991 1175 1023 que
1193 985 1224 1015 te
1240 983 1343 1015 sienta
1366 982 1396 1016 el
1413 983 1494 1015 luto!

914 1026 978 1058 Nos
994 1034 1183 1059 casaremos
1201 1027 1247 1059 los
1264 1026 1334 1064 dos,

916 1080 933 1111 y
954 1070 1028 1103 Dios
1046 1070 1193 1112 perdone
1209 1071 1238 1103 al
1257 1070 1398 1103 difunto.

959 1115 996 1147 El
1014 1115 1121 1147 clavel
1139 1124 1204 1157 que
1221 1114 1256 1148 tú
1273 1123 1327 1149 me
1345 1115 1429 1149 diste

915 1158 945 1190 el
963 1158 1014 1191 dia
1035 1158 1077 1191 de
1096 1159 1126 1191 la
1152 1159 1349 1197 Ascensión,

915 1211 958 1235 no
979 1203 1033 1235 fué
1051 1203 1171 1241 clavel,
1190 1204 1261 1236 sino
1278 1204 1374 1238 clavo

916 1256 980 1289 que
998 1247 1093 1280 clavo
1112 1247 1156 1280 mi
1177 1256 1330 1281 corazón.

960 1292 1096 1324 Cuando
1114 1301 1152 1333 yo
1169 1295 1202 1325 te
1218 1290 1250 1324 vi
1272 1292 1380 1331 venir,

914 1336 946 1369 le
965 1336 1028 1377 dije
1046 1336 1062 1369 á
1081 1337 1125 1368 mi
1142 1346 1297 1369 corazón:

918 1379 1001 1421 ¡Qué
1021 1380 1134 1414 bonita
1156 1381 1336 1422 piedrecita

918 1434 995 1467 para
1014 1425 1071 1457 dar
1089 1434 1135 1457 un
1158 1428 1325 1467 tropezón!

963 1469 1068 1502 Desde
1085 1479 1151 1511 que
1168 1473 1198 1502 te
1215 1468 1247 1502 vi
1263 1474 1295 1502 te
1311 1468 1399 1505 amé,

918 1522 1045 1555 porque
1061 1523 1153 1546 amar
1171 1523 1188 1555 y
1208 1523 1266 1547 ver
1282 1517 1315 1546 tu
1333 1513 1417 1546 cielo

918 1557 994 1590 bien
1017 1558 1178 1600 pudieron
1196 1567 1249 1591 ser
1267 1558 1325 1591 dos
1346 1567 1452 1594 cosas,

920 1611 999 1644 pero
1019 1603 1166 1643 ninguna
1184 1602 1341 1644 primero.

962 1646 1055 1678 Anda
1078 1645 1231 1679 diciendo
1253 1650 1285 1679 tu
1304 1646 1419 1680 madre

919 1699 984 1732 que
1006 1699 1156 1723 mereces
1172 1700 1237 1724 una
1256 1690 1362 1728 reina;

919 1734 1018 1770 anda,
1032 1733 1087 1772 vé,
1106 1745 1123 1777 y
1141 1735 1204 1767 dile
1225 1735 1240 1767 á
1264 1738 1296 1768 tu
1314 1734 1429 1768 madre

919 1788 984 1821 que
1001 1789 1080 1821 vaya
1099 1781 1115 1812 á
1134 1779 1258 1812 Madrid
1277 1789 1336 1821 por
1353 1779 1427 1812 ella.

964 1824 1023 1855 Los
1042 1823 1210 1865 pajarillos
1224 1834 1244 1867 y
1260 1833 1299 1865 yo

920 1876 979 1899 nos
995 1868 1202 1900 levantamos
1223 1877 1238 1900 a
1258 1878 1301 1900 un
1323 1867 1461 1910 tiempo,

919 1912 1001 1944 ellos
1018 1911 1034 1944 á
1053 1917 1166 1945 cantar
1182 1912 1211 1945 el
1232 1912 1318 1949 alba,

921 1966 959 1998 yo
973 1955 989 1988 á
1007 1962 1122 1989 cantar
1141 1956 1183 1989 mi
1202 1956 1430 1990 sentimiento.

967 2001 999 2032 El
1019 2010 1139 2041 querer
1156 2010 1220 2043 que
1239 2010 1318 2043 puse
1336 2010 1375 2033 en
1393 2000 1414 2032 tí

923 2054 967 2077 un
984 2054 1107 2077 cuervo
1124 2055 1158 2077 se
1178 2046 1207 2078 lo
1224 2044 1325 2082 llevó,

922 2099 939 2130 y
954 2098 993 2121 en
1013 2090 1122 2122 medio
1140 2090 1180 2122 de
1197 2090 1346 2132 aquellos
1362 2098 1486 2124 mares,

920 2132 1013 2165 abrió
1034 2134 1062 2165 el
1081 2134 1153 2176 pico
1176 2144 1192 2176 y
1208 2135 1239 2166 lo
1253 2134 1351 2166 soltó.

964 2179 1082 2220 Amigo
1100 2179 1183 2215 Blas,
1201 2179 1242 2211 he
1259 2177 1430 2211 intentado

919 2231 1023 2265 poner
1038 2222 1083 2255 mi
1106 2222 1213 2265 mujer
1230 2232 1270 2256 en
1291 2227 1402 2259 venta,

919 2276 996 2309 para
1015 2275 1170 2308 comprar
1189 2277 1232 2300 un
1251 2267 1379 2301 caballo

919 2320 983 2353 que
1002 2320 1055 2345 me
1071 2313 1139 2344 sale
1157 2312 1262 2354 mejor
1280 2315 1415 2346 cuenta.
