1737 2508
270 193 320 220 un
342 179 463 227 Lobo,
482 191 530 216 un
550 177 670 229 León,
691 192 739 220 un
754 180 885 235 Tigre,

271 240 392 291 mejor
412 238 541 289 dijera,
560 241 623 280 fue
643 253 692 280 un
713 241 850 283 diablo:

276 311 340 336 era
357 297 406 336 tal
427 297 461 337 el
481 298 692 349 rabiadero,

274 359 329 396 las
351 369 473 407 coces,
492 358 547 398 los
563 364 757 410 arañazos,

275 417 425 468 aquello
446 419 491 457 de
506 419 745 467 desollarme,

274 489 294 527 y
318 490 556 516 arrancarme
575 478 630 515 los
649 477 827 528 pedazos:

274 535 367 575 eche
383 536 415 575 la
436 547 547 575 mano
567 536 602 573 al
621 536 782 573 instante

273 606 341 633 con
358 595 498 646 grande
517 595 631 632 tiento
646 606 667 644 y
693 593 866 632 cuidado:

273 654 426 704 amigos,
450 664 509 691 rae
524 650 621 692 hallé
642 665 713 691 una
742 652 854 705 pulga

273 723 382 749 como
403 724 450 749 un
472 711 630 751 valiente
649 713 853 764 garbanzo:

274 771 307 811 la
326 770 412 822 pillé
431 783 477 810 en
498 771 547 810 fin
567 771 655 824 ¡qué
674 772 832 826 alegría!,

270 832 307 870 la
328 829 466 883 estrujé
486 844 556 871 con
577 833 786 882 resbalazo,

275 889 364 942 ¡qué
382 899 618 944 restregones
638 892 673 931 le
692 892 802 931 daba!

267 950 379 1001 luego
400 951 641 992 arrastrando
660 951 694 990 la
715 964 826 990 mano

267 1009 301 1048 la
323 1008 423 1050 tomó
445 1023 515 1049 con
535 1010 591 1049 los
611 1017 686 1049 tres
710 1010 839 1059 dedos,
862 1033 869 1039 •

265 1069 322 1107 los
343 1082 423 1109 mas
443 1073 588 1109 fuertes
605 1083 625 1121 y
643 1070 860 1110 esforsados

268 1130 302 1168 el
321 1128 457 1179 índice,
486 1143 506 1181 y
529 1129 564 1169 el
583 1129 727 1181 pulgar,

267 1202 288 1239 y
311 1188 345 1227 el
365 1188 427 1226 del
448 1201 608 1226 corazón
629 1188 804 1226 llamado:

266 1260 337 1286 con
358 1246 389 1286 el
409 1259 502 1298 gozo
523 1259 596 1297 que
617 1246 730 1293 tenía,

270 1306 317 1345 de
332 1304 547 1345 habérmela
564 1319 611 1357 ya
626 1304 773 1356 pillado,

264 1368 324 1407 iba
348 1366 526 1405 abriendo
548 1377 646 1417 poco
666 1364 688 1403 á
709 1377 823 1417 poco,

265 1438 356 1477 para
375 1438 512 1476 apurar
532 1432 611 1464 este
631 1437 734 1473 caso,

266 1488 286 1522 á
308 1496 370 1523 ver
390 1485 419 1523 si
438 1483 473 1522 la
495 1483 699 1523 maldecida

264 1554 329 1583 era
350 1543 519 1592 hembra,
542 1542 565 1582 ó
581 1556 643 1582 era
667 1542 816 1585 macho:

271 1603 318 1655 (la
334 1602 543 1641 curiosidad
573 1615 612 1640 es
632 1602 742 1654 mala)

267 1674 363 1714 poco
383 1660 405 1700 &
425 1673 519 1713 poco
538 1661 600 1700 iba
617 1661 819 1713 aflojando,

267 1735 288 1773 y
312 1720 541 1773 pegándome
557 1721 622 1758 dos
644 1732 753 1760 coces

265 1793 305 1818 se
325 1777 473 1830 escapó,
498 1792 519 1830 y
542 1778 663 1830 quedé
685 1780 858 1829 burlado,

266 1852 326 1878 me
350 1836 470 1889 quedé
491 1836 745 1889 peripatético,

259 1911 332 1938 con
357 1898 413 1936 los
428 1898 508 1950 ojos
528 1896 755 1948 eclipsados,

260 1977 332 2003 con
352 1963 406 2003 las
422 1975 554 2002 manos
572 1962 626 2001 asi
646 1962 821 2012 abiertas,

261 2043 284 2082 y
310 2029 344 2069 el
361 2041 544 2080 pescuezo
562 2028 615 2068 asi
631 2028 807 2077 estirado,

266 2108 338 2134 con
358 2095 409 2134 tal
428 2095 532 2134 rabia
551 2108 571 2146 y
594 2094 643 2134 tal
664 2106 813 2144 corage,

260 2162 306 2200 de
332 2160 558 2200 admiración
577 2161 757 2209 rodeado,

260 2226 476 2279 renegando
496 2226 542 2267 de
559 2227 611 2268 tal
632 2227 756 2280 pulga,

1008 182 1246 222 retorciendo
1267 193 1287 232 y
1310 180 1508 231 paleando,

1006 242 1107 281 tomé
1126 242 1161 281 la
1181 241 1242 280 luz
1258 252 1341 290 muy
1363 239 1496 290 ligero,

1005 300 1060 338 las
1081 301 1239 339 sabanas
1260 299 1307 338 he
1327 298 1483 346 mirado,

1004 358 1038 395 el
1058 357 1230 404 colchón,
1247 359 1332 397 toda
1354 358 1386 398 la
1402 369 1525 406 cama,

1002 416 1111 467 luego
1133 415 1223 454 miré
1238 417 1325 455 todo
1346 418 1380 456 el
1401 422 1553 466 .cuarto,

1001 487 1071 525 por
1091 473 1193 525 aquí,
1212 486 1280 526 por
1303 476 1440 521 acullá,

1000 546 1022 585 y
1045 533 1092 571 tal
1117 533 1229 585 pulga
1250 546 1297 571 no
1309 533 1354 573 he
1373 533 1536 583 hallado;

1001 593 1088 644 aquí
1104 593 1150 632 de
1170 593 1225 632 los
1254 593 1524 642 reconcomios,

1000 651 1224 704 lagrimones
1254 667 1276 705 y
1299 665 1503 701 mocarros,

1002 711 1037 750 lo
1055 720 1215 757 restante
1232 713 1277 752 de
1304 713 1338 752 la
1359 713 1482 752 noche

1001 783 1061 810 me
1080 772 1114 811 la
1135 772 1229 812 lleve
1249 771 1539 824 contemplando

1001 829 1122 869 donde
1147 844 1186 869 se
1200 833 1267 870 iría
1287 839 1366 871 esta
1382 832 1507 883 pulga:

1000 890 1158 939 cuidado
1178 903 1252 942 que
1271 891 1371 930 tiene
1394 890 1427 929 el
1448 902 1549 940 caso,

998 962 1073 1001 que
1092 962 1242 989 rumear
1262 963 1310 989 un
1332 951 1501 1002 poquito,

996 1008 1031 1047 al
1053 1009 1169 1060 mejor
1184 1010 1219 1050 le
1238 1011 1310 1062 doy
1331 1011 1365 1050 el
1385 1010 1539 1058 chasco,

996 1066 1019 1105 á
1035 1068 1248 1120 cualquiera
1272 1083 1343 1121 que
1363 1070 1397 1108 le
1417 1069 1581 1110 hubiera

996 1133 1075 1165 esta
1096 1129 1235 1178 pasada
1256 1129 1414 1179 pasado,

995 1185 1035 1224 lo
1057 1187 1185 1238 dejará
1205 1188 1271 1235 asi;,
1293 1189 1472 1240 perplejo,

997 1245 1034 1283 lo
1048 1247 1178 1284 mismo
1197 1260 1270 1297 que
1290 1260 1336 1298 yo
1359 1247 1404 1286 he
1425 1247 1609 1299 quedado:

998 1316 1019 1354 y
1041 1304 1093 1342 así
1113 1304 1133 1343 á
1156 1307 1262 1345 todos
1285 1307 1340 1347 los
1362 1314 1553 1358 presentes

997 1363 1052 1402 les
1072 1365 1230 1416 suplico,
1252 1379 1273 1417 y
1295 1365 1350 1405 les
1371 1378 1546 1417 encargo,

992 1423 1022 1462 si
1038 1435 1148 1462 acaso
1164 1424 1199 1463 le
1218 1426 1299 1477 pica
1321 1425 1472 1477 alguna,

993 1495 1015 1534 y
1035 1482 1071 1521 la
1090 1485 1261 1534 agarrán,
1286 1485 1331 1523 de
1351 1485 1514 1524 contado

993 1541 1014 1580 á
1037 1542 1190 1581 malaria
1211 1539 1320 1595 luego
1340 1545 1377 1594 jal
1395 1551 1526 1596 punto,

994 1613 1016 1652 y
1046 1613 1097 1639 no
1114 1602 1231 1641 andar
1251 1603 1536 1645 escudriñando:

993 1661 1110 1699 miren
1131 1673 1200 1712 por
1220 1673 1280 1700 ser
1300 1661 1346 1712 yó
1363 1663 1511 1702 curioso

993 1719 1026 1757 el
1047 1719 1153 1760 lance
1175 1732 1248 1771 que
1268 1733 1326 1759 me
1346 1720 1393 1759 ha
1410 1721 1562 1773 pasado:

994 1778 1015 1817 á
1031 1778 1086 1817 las
1104 1783 1258 1818 señoras
1278 1793 1448 1832 mugeres

992 1849 1040 1875 no
1057 1839 1140 1890 digo
1161 1840 1254 1878 nada
1276 1852 1321 1878 en
1338 1840 1371 1878 el
1388 1852 1493 1890 caso,

991 1909 1136 1949 porque
1156 1898 1272 1937 saben
1292 1900 1397 1937 todas
1413 1900 1504 1939 ellas

992 1962 1054 2002 mil
1070 1963 1200 2002 modos
1220 1964 1267 2003 de
1285 1965 1520 2016 practicarlo,

990 2043 1083 2081 pues
1108 2029 1324 2082 mojándose
1338 2031 1394 2070 los
1414 2030 1529 2071 dedos

988 2095 1043 2135 las
1065 2096 1176 2148 pillan
1197 2109 1268 2136 con
1289 2096 1425 2136 mucho
1444 2097 1576 2149 garbo;

988 2174 1010 2213 y
1031 2163 1085 2201 asi
1105 2175 1174 2201 con
1195 2174 1285 2213 gran
1300 2162 1474 2202 disimulo

988 2227 1043 2267 las
1059 2227 1251 2268 rebienlan
1265 2229 1320 2269 los
1341 2229 1530 2269 costados:
