1765 2512
818 254 842 304 8
113 314 532 371 una gala de la reina
120 365 636 421 para que fuese adornada.
113 412 579 469 Al soldado puso el rey
120 459 576 522 Toison y llave dorada,
120 503 603 566 y un baston de general,
117 553 626 617 y que se sentasen manda.
118 601 629 662 Cubrió con unas cortinas
116 654 560 712 de tela muy realzada
118 704 587 762 sus personas y dispuso
120 750 654 810 que al napolitano traigan.
113 802 595 860 El rey dice: ea, amigo,
124 850 710 908 ya el pájaro está en la jáula;
122 898 625 957 ya está preso el agresor,
118 944 689 1005 la sentencia ha de ser dada
124 990 714 1053 entre los dos ¿qué os parece?
121 1045 643 1099 ¿ha de ser hoy ó mañana?
118 1091 635 1149 Respondió el napolitano:
123 1141 742 1197 si á mi gusto ha de ser dada,
121 1189 593 1243 como parezca mi hija,
124 1235 754 1295 que no se le agravie en nada.
130 1279 731 1341 ¿Qué, á tu enemigo perdonas?
124 1329 717 1387 Sí, Señor, porque me agrada
122 1379 639 1440 aquel arte y compostura,
129 1431 593 1486 y disposicion gallarda.
128 1475 746 1533 Corrió el rey las dos cortinas,
130 1525 666 1585 y de esta suerte le habla:
130 1569 743 1629 aquí está el grande don Juan,
845 307 1346 357 mira aquí tu hija amada.
847 353 1334 405 Levanta, gallardo jóven,
849 403 1459 456 tres veces grande de España
845 454 1280 504 caballero del Toison,
845 502 1303 552 señor de llave dorada;
849 548 1323 600 fiel defensor de la vida
843 594 1443 648 del gran rey de las Españas.
845 644 1372 696 Levanta, señor de Illescas
847 688 1374 742 y de todas sus comarcas.
845 740 1292 794 Ea, buen napolitano,
853 790 1378 842 ya la sentencia está dada;
843 843 1399 895 idos en paz, y de Himenéo
857 891 1355 943 goceis delicias sobradas.
851 939 1332 989 Besaron al rey la mano
855 983 1426 1039 por mercedes tan colmadas.
853 1033 1365 1085 Los títulos le entregaron
851 1081 1326 1133 en que hoy autorizada
847 1129 1338 1181 se vé la: casa del dicho,
855 1177 1361 1227 en Illescas la nombrada.
852 1222 1286 1278 Gozoso el napolitano
853 1272 1390 1326 se ausentó para su pátria,
851 1320 1403 1372 á vender toda su hacienda,
857 1368 1390 1420 y luego venirse á España.
861 1420 1323 1472 Y Pedro Salvador pide
855 1466 1313 1518 al áuditorio las faltas
859 1514 1415 1568 perdone, si es que las hay
857 1567 1382 1621 en la historia declarada.
755 1975 942 2029 FIN.
617 2234 1066 2291 CARMONA. 1859.
240 2288 1450 2352 Imprenta de D. José M. Moreno, calle Juan de la Cabra.
