1765 2512
304 231 341 282 4
206 281 664 334 saqué la sinta de seda
206 328 698 381 desdoblela, y un letrero
206 378 687 431 hallé en ella que decia:
206 429 756 482 el que de esta fuere dueño
206 476 728 530 tambien será de Rosaura,
205 524 747 576 esposo, queriendo el cielo.
209 575 748 626 Quedé alegre con mi cínta,
208 622 736 673 y breve á mi casa vuelvo:
209 671 728 722 y montando en un caballo
206 719 673 769 una tarde cuando Febo
208 768 707 820 queria ocultar sus luces,
206 818 788 870 vuelvo á buscar á mi dueño:
203 865 780 920 dile, pues, vista á la Quinta,
205 915 786 967 y alli me estuve encubierto,
200 964 746 1017 hasta que la oscura noche
203 1014 735 1067 tendiera su manto negro,
203 1061 719 1111 A un árbol até el caballo
205 1112 837 1165 por que no anduviera inquieto:
203 1159 739 1210 le eché porcion de cebada
200 1208 698 1258 en la capa y con secreto
202 1256 650 1308 paseè toda la Quinta:
200 1305 713 1357 llegué al referido puesto
202 1354 733 1406 del balcon, hice una seña,
204 1403 648 1454 y la dama con anhelo
202 1448 721 1501 salio al balcón y me dijo:
202 1500 732 1552 Amante y querido dueño,
202 1547 782 1599 conviene de que esta noche
202 1598 790 1649 me saques, porque sé cierto
202 1646 744 1698 de que mi padre me tiene
203 1693 722 1751 prometida á un caballero
204 1741 744 1794 de Madrid, esto no dudes.
202 1791 724 1842 Pero fortuna, ¡qué presto
201 1841 835 1893 me transformaste en tu rueda!
207 1887 892 1940 Fué que un criado á este tiempo
936 284 1510 337 me vido hablar con Rosaura
936 331 1543 387 entró dentro como un trueno,
936 383 1493 435 dandole cuenta á su Padre;
935 427 1419 480 al punto se previnieron
933 477 1521 530 los que estaban en la Quinta,
936 528 1442 581 y yo ignorando el suceso
933 573 1433 628 me dispararon dos tiros,
935 625 1416 675 pero dieron en el suelo
933 671 1401 722 las valas; y yo animoso
930 718 1469 772 me opuse con todos ellos:
932 765 1405 818 dispare tres carabinas,
936 814 1470 870 y á uno quité los alientos,
934 863 1508 918 hiriendo à los dos hermanos
933 915 1448 968 de la dama; y conociendo
934 963 1410 1015 que era cosa imposible
934 1011 1398 1065 en el referido empeño
934 1061 1399 1112 poder sacar á Rosaura,
934 1108 1453 1158 me escapé de todos ellos.
933 1157 1501 1210 Fui donde estaba el caballo,
933 1205 1571 1259 monté en el, y como un trueno
929 1253 1399 1304 á Córdoba dí la vuelta:
933 1303 1481 1356 pero como estaba ardiendo
934 1350 1388 1400 en amores de Rosaura
934 1397 1443 1451 en vivas ansias mi pecho
935 1447 1408 1500 quise volver á buscarla,
939 1497 1391 1549 y desierto me digeron
934 1544 1465 1596 como su Padre, agraviado
935 1591 1342 1646 del referido suceso,
934 1642 1302 1693 una noche la sacó
939 1689 1451 1744 y no saben donde fueron.
932 1738 1419 1791 Del modo que yo quedé
937 1785 1408 1838 considérelo el discreto
940 1832 1429 1883 y en otra segunda parte
939 1884 1404 1934 daré fin á este suceso.
438 2010 1378 2111 Fin de la primera parte.
