1847 2473
355 76 845 154 procura tomar venganza
364 135 872 202 ella de los dos hermanos.
355 187 848 243 Al fin, una cierta noche,
364 227 823 300 con un ànimo gallardo,
355 279 846 347 á la hora que el silencio
358 332 860 395 permite estén sosegando,
365 381 901 449 se pone un calzon de ante,
359 427 809 490 jubon, y cofeto largo,
366 472 878 542 media blanca y alpargate,
365 530 924 593 su capa y sombrero blanco.
357 572 901 638 Tomando broquel y espada
363 612 931 687 fué al parage acostumbrado,
364 667 877 737 donde sabia que estaban:
367 718 901 786 llegò, y asi les ha hablado
361 772 855 839 picaros, viles, traidores,
369 789 952 887 que vilmente habeis obrado,
371 861 988 932 en darle muerte á aquel mozo,
368 918 921 982 mas yo á la venganza salgo,
372 967 871 1031 y vengo porque me toca;
369 1006 805 1076 ahora vereís villanos,
371 1061 867 1117 si aqui la razon me vale,
373 1111 835 1174 la vereis en este brazo.
370 1156 953 1223 Echando mano á su estoque,
377 1208 876 1273 ellos tombien arrancaron
366 1254 880 1315 sus espadas, mas á pocos
367 1305 867 1365 movimientos (caso raro!)
376 1351 912 1420 dio al mayor una estocada,
381 1403 950 1480 que el corazon le ha pasado,
377 1448 880 1516 y al otro por la garganta
374 1497 950 1560 diò de forma, que quedaron
378 1557 826 1610 difuntos ambos á dos,
377 1580 901 1671 y ella fué paso entre paso
389 1646 787 1715 á su casa, y recogió
384 1685 892 1764 lo de mas valor, y dando
379 1739 839 1811 á su fortuna principio,
385 1791 864 1862 á Molviedro caminando,
388 1845 829 1896 á las cinco de la tarde
387 1887 888 1954 llegò, y estaban jugando
391 1937 827 2001 en la calle á la pelota
387 1977 890 2054 cuatro guapos alentados:
388 2024 983 2116 pasó, y no quitò el sombrero;
386 2082 865 2153 y ellos del caso picados
390 2115 960 2223 le digeron que era un chulo,
1089 54 1556 145 y todos se alborotaron,
1087 116 1646 180 metiendo mano á su espada,
1089 167 1717 238 les dió que hacer un buen rato
1091 216 1659 283 donde alli mató un Alcalde,
1091 265 1640 342 á un cochero, y un lacallo:
1091 319 1600 381 cuatro quedaron heridos,
1096 369 1639 433 y por ser tantos contrarios,
1088 415 1629 483 se escapó como ella pudo;
1097 467 1615 536 mas fué á uña de caballo.
1105 515 1616 581 Al vergose aquella noche
1094 567 1563 630 en una casa de campo.
1102 613 1482 683 A Alicante caminó,
1099 664 1590 732 donde posada buscando,
1108 710 1614 779 entró en ella una mañana
1106 753 1693 814 donde estuvo el breve espacio
1102 807 1568 870 de cuatro dias cabales;
1106 848 1660 917 cuando una noche cenando,
1110 906 1576 975 llegaron dos Catalanes,
1111 954 1590 1020 junto á ella se sentaron,
1103 1003 1530 1071 y al instante conociò
1113 1055 1668 1122 que eran valientes lagartos.
1107 1097 1601 1165 Les dijo si eran servidos
1104 1141 1686 1219 de cenar, con que aceptaron.
1112 1198 1624 1265 comieron de lo que habia,
1145 1246 1618 1302 y uno fué desvergonzado
1114 1296 1600 1354 con la huespeda de casa;
1113 1346 1654 1409 con que les dijo: Paisanos,
1115 1390 1624 1463 poco á poco en el hablar,
1121 1422 1685 1510 porque aunque no está aquí el amo:
1120 1494 1626 1556 bastará que esté yo aquí,
1122 1528 1671 1613 para que se haga mas caso.
1133 1589 1590 1657 Uno de ellos respondió
1124 1613 1638 1706 con muy grande desacato:
1120 1684 1634 1752 cogió el plato de la masa,
1125 1732 1669 1808 y se lo metió en los cascos.
1119 1780 1542 1852 Al otro con una daga
1119 1816 1664 1897 tres puñaladas le ha dado,
1125 1880 1789 1965 conque ambos á dos fueron.
1126 1928 1789 2003 á cenar al otro barrio....
1124 1981 1789 2053 De alli pasó á Zaragoza,
1114 2020 1575 2090 y andandose paseando
1114 2052 1706 2156 por la Cruz del Coso un dia,
1124 2120 1564 2212 estaba un Napolitano
