1737 2508
230 290 355 338 quiero
383 294 415 331 la
437 295 596 333 hereden
615 301 669 335 los
688 303 841 343 sastres,

228 351 365 386 porque
380 354 443 380 sus
463 344 646 382 desastres
667 348 805 393 quiero.

226 387 395 427 También
415 393 432 427 á
452 391 508 429 los
531 393 711 438 tejedores

227 446 292 473 con
315 441 426 475 trama
449 451 465 487 y
485 441 690 479 urdiembre
709 445 861 489 premio,

225 494 294 529 que
314 496 369 533 yo,
389 498 464 525 mas
480 500 549 535 que
570 489 614 527 de
634 494 837 534 tramarlas,

225 542 312 579 supe
334 535 515 574 derramar
531 539 700 575 enredos.

225 579 269 616 La
293 581 415 618 horma
439 585 481 622 de
499 586 546 622 mi
564 592 689 632 zapato

223 638 262 664 se
284 635 459 678 entregue
478 636 497 670 á
517 636 570 671 los
586 640 788 682 zaapteros.

226 687 294 721 que
314 689 455 726 aunque
478 684 573 719 tiene
613 686 732 721 veinte
751 690 896 733 puntos,

223 735 262 760 es
285 726 317 761 el
341 734 451 774 punto
471 742 552 777 para
571 730 674 769 ellos.

221 775 350 811 Cuatro
376 778 538 816 cordeles
560 780 710 817 breados

220 823 351 860 mando
370 825 475 872 luego
496 829 514 864 á
534 829 589 864 los
605 829 788 874 logreros,

218 880 289 915 que
310 872 473 912 valiendo
490 886 580 922 poco
600 877 633 912 el
654 877 760 924 trigo,

216 928 364 957 mueran
386 932 438 958 sin
460 924 562 962 decir
583 925 616 961 el
635 926 759 963 credo.

215 965 282 1001 Los
303 973 531 1010 mercaderes
548 973 727 1013 estudien,

214 1025 232 1060 y
252 1018 436 1061 aprendan
456 1031 522 1057 con
540 1021 609 1057 mis
625 1023 809 1069 consejos,

214 1072 282 1107 que
303 1067 541 1105 estrechando
564 1070 616 1105 las
642 1070 817 1111 medidas,

214 1111 267 1147 les
287 1114 423 1150 vendrá
464 1118 497 1153 el
519 1119 656 1154 abismo
673 1119 857 1157 estrecho.

210 1158 404 1199 Fúndense
421 1164 499 1202 cien
517 1166 723 1203 Paralvillos

211 1217 255 1243 en
283 1208 393 1246 Judéa
418 1223 434 1258 y
456 1213 580 1251 demas
600 1216 734 1257 reinos,

211 1264 280 1300 que
294 1257 351 1294 del
368 1269 499 1308 cuerpo
523 1264 568 1299 de
590 1264 638 1299 mi
654 1263 829 1301 hacienda

209 1304 355 1342 saldrán
375 1308 534 1347 infinitos
557 1321 724 1357 cuerpos.

211 1350 402 1391 Producirá
425 1361 523 1395 tanto
543 1359 653 1397 Judas

208 1403 287 1436 este
308 1401 448 1441 Sahuco
471 1418 654 1453 perverso,

207 1458 277 1493 que
296 1460 343 1487 no
364 1452 531 1492 bastaran
546 1456 609 1493 mil
628 1456 758 1494 horcas

208 1506 292 1542 para
313 1501 443 1538 estirar
463 1515 524 1540 sus
545 1515 754 1551 pescuezos.

208 1544 295 1581 Ksta
319 1546 488 1587 hacienda
511 1552 591 1598 dejo
611 1553 643 1589 al
681 1552 829 1595 mundo,

207 1602 277 1637 que
297 1593 454 1642 después
475 1611 544 1646 que
568 1611 609 1647 yo
624 1612 686 1638 sea
702 1606 860 1642 muerto,

205 1641 292 1678 cada
311 1643 430 1689 piedra
447 1658 505 1685 sea
522 1659 568 1684 un
593 1649 715 1692 Judas,

204 1689 291 1726 cada
311 1694 420 1739 pared
436 1706 498 1732 sea
522 1707 568 1733 un
590 1697 694 1739 beso,

202 1736 290 1774 cada
320 1741 471 1780 amistad
494 1746 625 1781 treinta
646 1747 849 1790 embustes,

202 1795 305 1822 como
326 1799 369 1825 en
391 1790 436 1826 mí
458 1795 588 1830 treinta
606 1794 764 1833 dineros.

201 1833 229 1867 A
254 1834 300 1870 mi
327 1844 483 1877 maestro
505 1841 624 1884 vendí,

203 1892 291 1927 gran
314 1886 469 1925 maldad!
496 1901 535 1936 yo
559 1890 593 1925 lo
614 1891 786 1933 confieso,

203 1940 306 1968 como
326 1934 356 1968 vi
376 1934 407 1971 la
429 1947 514 1985 paga
535 1938 566 1974 al
585 1940 656 1985 ojo,

201 1988 248 2014 no
262 1983 388 2028 reparé
408 1996 452 2020 en
472 1988 773 2032 cumplimientos.

200 2027 290 2063 Pero
312 2029 418 2077 luego
438 2035 645 2072 enfurecido

198 2077 315 2123 arrojé
338 2079 372 2115 el
393 2081 521 2119 dinero
538 2084 571 2120 al
593 2086 739 2131 templo,

199 2134 263 2169 por
282 2136 352 2172 que
367 2138 448 2174 para
465 2135 521 2167 tan
545 2142 631 2178 gran
649 2134 752 2181 culpa

199 2172 259 2209 fué
280 2184 360 2222 muy
382 2184 544 2224 pequeño
566 2181 597 2217 el
619 2182 793 2223 cohecho.

197 2221 372 2262 Nólanme
391 2226 434 2262 de
454 2227 647 2271 codicioso,

196 2279 214 2315 y
236 2271 355 2310 tienen
381 2284 484 2313 razón
507 2287 550 2313 en
572 2287 649 2320 eso,

961 313 1097 352 porque
1116 306 1148 343 la
1166 307 1303 347 codicia
1323 309 1455 349 infame

957 363 1014 390 me
1035 355 1078 391 ha
1101 356 1214 392 traído
1232 357 1250 391 á
1271 363 1350 395 este
1371 360 1566 406 despecho.

956 400 1008 437 No
1030 403 1110 439 seré
1138 404 1215 440 solo
1236 415 1279 441 en
1298 406 1332 443 el
1351 408 1498 449 mundo,

956 460 1026 494 que
1047 461 1110 497 por
1132 453 1239 498 quien
1261 464 1322 500 soy
1351 455 1404 491 Ies
1421 460 1597 503 prometo,

954 507 1023 542 que
1043 500 1166 546 ciegos
1183 511 1239 536 me
1256 501 1325 538 han
1343 503 1387 539 de
1404 506 1528 552 seguir

955 546 1112 584 millares
1133 548 1178 585 de
1199 553 1348 597 entrega
1369 562 1386 597 y
1409 552 1511 590 beso.

952 595 1011 630 Asi
1028 596 1178 632 obrarán
1197 596 1252 633 los
1269 598 1435 641 Judillas,

952 652 1019 688 que
1032 643 1098 680 han
1117 644 1161 681 de
1175 645 1204 680 ir
1219 647 1287 682 mis
1301 658 1407 693 pasos
1426 649 1630 697 siguiendo,

951 700 1019 736 que
1035 702 1099 738 por
1114 693 1147 729 el
1165 692 1211 728 vil
1231 695 1369 732 interés

950 740 1130 777 venderán
1152 752 1192 777 su
1207 742 1315 788 padre
1334 754 1489 782 mesmo.

949 787 1089 825 Tendré
1109 800 1152 826 en
1170 791 1202 826 el
1225 790 1376 828 infierno
1397 794 1513 831 ancho

949 846 1037 872 seno
1058 847 1124 873 con
1141 838 1273 874 Luzbel
1296 840 1478 882 soberbio,

948 893 1033 928 para
1049 895 1117 931 que
1133 896 1274 933 quepan
1294 888 1349 924 los
1368 889 1481 926 Judas

948 942 1017 976 que
1037 934 1225 980 producirá
1246 935 1293 972 mi
1312 936 1480 984 ejemplo.

945 980 974 1014 A
994 979 1049 1018 los
1076 993 1144 1028 que
1165 982 1232 1018 dan
1254 983 1309 1019 los
1325 985 1492 1023 caudales

945 1028 964 1063 á
982 1028 1037 1066 los
1053 1030 1252 1067 marítimos
1276 1031 1377 1069 leños

944 1077 1000 1112 sin
1017 1088 1076 1115 ser
1098 1084 1201 1125 poeta
1224 1079 1277 1115 les
1301 1081 1445 1123 mando,

945 1134 1015 1169 que
1037 1137 1183 1164 mueran
1203 1127 1380 1165 haciendo
1402 1140 1540 1168 versos.

944 1174 1021 1214 Que
1039 1175 1094 1211 los
1112 1186 1181 1221 que
1202 1176 1272 1212 fian
1292 1177 1322 1213 la
1346 1178 1521 1216 hacienda

943 1224 974 1256 al
995 1232 1083 1263 mar,
1097 1224 1130 1260 al
1149 1235 1239 1271 agua
1261 1235 1279 1271 y
1300 1226 1331 1261 al
1356 1226 1490 1268 viento,

942 1270 962 1304 ó
984 1281 1129 1308 mueran
1151 1273 1283 1318 pobres
1299 1284 1343 1310 en
1366 1284 1481 1315 suma,

941 1317 963 1351 ó
983 1329 1127 1355 mueran
1146 1330 1250 1356 como
1272 1331 1313 1367 yo
1331 1332 1468 1359 muero.

941 1365 1028 1411 Dejo
1046 1368 1111 1404 mis
1130 1368 1353 1405 habilidades

940 1414 958 1449 á
980 1415 1081 1451 todos
1106 1416 1159 1453 I03
1176 1417 1371 1463 figoneros,

937 1471 1078 1510 aunque
1095 1475 1134 1501 es
1153 1466 1274 1502 ocioso
1293 1465 1517 1510 enseñarlos,

938 1520 1007 1553 que
1029 1521 1067 1557 ya
1085 1523 1149 1550 son
1172 1518 1296 1560 gastos
1317 1514 1493 1559 profesos.

940 1558 1024 1595 Cien
1044 1571 1197 1606 gruesas
1211 1562 1256 1598 de
1275 1563 1400 1609 naipes
1435 1563 1544 1601 falsos

937 1613 1080 1652 reparto
1101 1612 1118 1645 á
1136 1609 1189 1646 los
1203 1610 1363 1657 gaiteros

936 1664 1005 1700 que
1026 1656 1079 1692 los
1098 1657 1245 1695 fulleros
1270 1657 1324 1694 los
1350 1658 1498 1700 buscan,

937 1712 956 1748 y
983 1712 1023 1740 se
1044 1706 1238 1743 entienden
1259 1705 1343 1743 bien
1358 1717 1427 1744 con
1446 1708 1548 1745 ellos.

935 1754 960 1788 A
983 1750 1037 1788 los
1057 1755 1267 1801 peregrinos
1286 1755 1417 1791 mando

934 1797 1011 1835 diez
1032 1801 1207 1844 calabazs,
1230 1813 1250 1849 y
1270 1803 1445 1845 advierto,

933 1856 1002 1891 que
1022 1859 1067 1885 no
1087 1850 1118 1886 la
1140 1851 1257 1887 lleven
1277 1851 1398 1887 vacias

932 1893 1035 1933 hasta
1056 1907 1124 1943 que
1143 1910 1181 1935 se
1197 1898 1316 1935 hallan
1338 1899 1507 1946 repletos.

931 1942 1027 1980 Unos
1046 1947 1207 1994 anteojos
1225 1947 1279 1984 sin
1300 1948 1403 1984 lunas

930 1989 1013 2037 dejo
1036 1994 1055 2029 á
1083 2005 1129 2031 un
1153 2000 1272 2032 tuerto
1294 2006 1357 2043 por
1376 1996 1544 2040 derecho;

930 2047 950 2084 y
978 2042 993 2075 á
1018 2052 1064 2077 un
1084 2043 1285 2081 corcobado
1302 2055 1349 2081 un
1371 2044 1478 2091 jubón

929 2089 1089 2127 estofado
1108 2101 1173 2128 con
1195 2092 1400 2139 pimientos.

927 2135 956 2171 ¥
977 2147 1063 2182 pues
1082 2150 1128 2176 no
1145 2145 1254 2187 tengo
1273 2152 1348 2178 mas
1375 2141 1517 2185 bienes,

927 2194 997 2230 que
1017 2186 1070 2223 los
1088 2198 1156 2233 que
1176 2189 1258 2235 aquí
1281 2190 1496 2230 manifiesto,

927 2233 1056 2270 mando
1074 2236 1122 2272 mi
1144 2238 1254 2273 malas
1275 2238 1434 2275 medidas

925 2281 944 2316 á
967 2281 1066 2320 todos
1088 2284 1139 2321 los
1154 2286 1378 2324 taberneros.
