1752 2480
89 202 518 292 hice pacto con mis ojos.
137 235 635 340 Dueño mio, siempre en tí
95 311 528 386 está mi alma encerrada,
90 359 577 435 pues nunca se halla en mí,
85 411 561 484 porque eres tú su morada
94 461 551 526 desde el dia en que te ví.
141 508 566 574 Juro por el sol y luna,
89 555 509 623 estrellas y firmamento,
91 608 590 678 que tengo á mucha fortuna
83 659 526 723 sujetar mi pensamiento,
84 706 525 764 no querer mujer alguna.
129 752 533 817 A tu pecho me rendí,
90 795 558 861 sin poder hallar consuelo,
93 849 575 915 mi corazon no está en mi,
89 894 572 960 nada me gusta en el suelo
91 945 481 1021 habiéndote visto á tí.
366 992 448 1081 IX.
139 1069 725 1141 Dios perdone á quien es causa
87 1124 549 1191 de mis trabajos perdidos,
80 1172 606 1252 y aduvierta que con la vara
821 188 1353 284 que mide , ha de ser medido.
869 239 1415 347 Lo que yo paso no es chanza,
822 305 1336 391 no es burla lo que padezco,
819 361 1260 428 mi corazon no descansa,
822 393 1337 473 y á mi mismo me aborrezo,
814 452 1398 538 Dios perdone á quien es causa.
868 500 1313 585 En vano sus fementidos
825 554 1180 620 cariños yo los creí,
820 584 1330 681 luego advertí eran fingidos,
819 650 1228 722 que yo la culpa no fuí
818 683 1302 780 de mis trabajos perdidos.
867 741 1248 816 Era su codicia avara
819 779 1402 872 contra el que ha sido su amigo,
818 837 1247 916 le ha de salir á la cara,
813 868 1333 968 muy pronto verá el castigo,
811 940 1332 1000 y advierte que con la vara.
860 967 1466 1078 Me ha querido y he querido
818 1031 1296 1102 á una ingrata infiel mujer
811 1082 1305 1163 y luego me ha aborrecido;
820 1135 1256 1207 pero no advierte que el
812 1165 1355 1252 que mide ha de ser medido.
650 1608 865 1731 FIN.
559 2155 961 2233 CARMONA.—1858.
199 2210 1454 2278 Imp. de D. Jósé M. Moreno, calle Juan de la Cabra n.o4
