1737 2508
1471 173 1488 208 o

228 243 271 277 Mi
288 241 417 275 marido
435 239 491 272 fué
506 237 523 270 á
541 238 588 269 las
603 234 726 268 Indias,

186 299 245 332 por
258 295 393 321 acrecer
408 294 444 318 su
463 281 594 316 caudal;

188 333 271 376 trajo
292 331 415 364 mucho
434 336 498 370 que
514 325 617 362 decir,

187 387 268 421 pero
284 383 369 419 poco
386 381 451 416 que
468 374 593 404 contar.

234 422 279 454 Yo
295 428 348 453 me
361 419 462 451 llamo
481 417 565 449 Poca
583 423 687 456 pena,,

189 466 341 510 pariente
359 463 401 496 de
417 461 501 495 Mala
522 468 619 501 gana,

190 520 207 553 y
224 519 281 553 por
298 506 441 551 apellido
458 510 569 546 tengo,

190 555 208 588 á
233 553 280 586 mi
296 562 339 585 no
357 560 392 584 se
411 558 465 583 me
479 548 521 582 dá
537 547 634 580 nada.

235 595 373 631 Cuando
388 594 481 636 salgo
498 593 538 625 de
553 591 596 625 mi
613 600 701 628 casa,

192 643 236 676 mi
258 641 375 675 madre
389 648 424 672 se
442 638 523 671 echa
542 636 559 669 á
576 635 687 673 llorar;

195 685 275 729 ¡qué
288 684 419 718 lástima
435 683 476 716 de
490 681 535 715 mi
553 681 633 713 niño

194 741 259 775 que
279 739 333 763 me
349 729 380 761 lo
399 736 461 760 van
479 727 495 758 á
511 727 670 767 engañar!

238 776 286 807 En
303 774 333 806 la
356 773 440 805 calle
460 779 502 803 no
517 768 553 803 sé
570 768 694 807 donde,

195 824 347 853 mataron
366 826 404 859 yo
421 825 463 849 no
479 814 515 848 sé
530 815 547 847 á
564 815 676 856 quien:

198 866 228 898 el
247 863 322 896 vivo
341 861 420 904 cayó
437 870 478 894 en
494 859 524 893 el
538 859 643 896 suelo,

197 909 229 943 el
246 909 377 941 muerto
395 903 508 947 apretó
527 903 546 936 á
562 912 684 937 correr.

243 951 325 985 Niña
341 950 382 983 de
399 951 447 982 los
470 948 580 982 veinte
594 947 721 984 novios,

200 997 272 1037 Que
292 1004 355 1029 con
373 993 523 1035 ninguno
543 996 575 1025 te
592 1001 698 1026 casas.

201 1041 233 1075 Si
252 1045 284 1074 te
304 1038 447 1082 guardas
465 1046 541 1080 para
560 1045 603 1069 un
623 1045 678 1077 rey

203 1087 323 1119 Cuatro
344 1083 435 1117 tiene
452 1083 481 1114 la
499 1081 621 1122 baraja.

249 1128 385 1163 Cuando
402 1136 479 1168 paso
492 1135 553 1169 por
570 1129 604 1159 tu
622 1129 737 1168 puerta

205 1176 347 1215 Compro
367 1180 428 1214 pan
448 1180 464 1212 y
479 1179 542 1212 voy
560 1169 751 1204 comiendo,

204 1220 334 1261 Porque
355 1225 397 1248 no
416 1215 492 1256 diga
509 1218 545 1247 tu
566 1213 680 1247 madre

206 1264 277 1303 Que
298 1262 350 1295 del
366 1260 435 1293 aire
453 1268 506 1292 me
527 1261 718 1301 mantengo.

252 1307 329 1339 Eres
347 1303 498 1338 avellana
519 1311 616 1340 vana,

207 1352 286 1384 Eres
302 1348 476 1383 almendro
492 1347 544 1381 sin
563 1347 638 1385 flor,

210 1396 288 1428 Eres
308 1394 394 1427 rosal
410 1393 460 1425 sin
478 1392 623 1433 capullo,

208 1440 287 1472 Eres
303 1438 410 1471 clavel
429 1437 479 1469 sin
497 1437 580 1469 olor.

254 1483 336 1517 Niña
356 1482 395 1515 de
410 1482 457 1514 los
475 1480 584 1514 veinte
600 1481 716 1514 novios

210 1528 237 1560 Y
254 1526 411 1568 conmigo
430 1525 541 1558 veinte
559 1535 574 1566 y
594 1534 674 1563 uno;

212 1572 247 1605 Si
263 1571 358 1605 todos
372 1579 432 1603 son
450 1578 549 1602 como
565 1578 604 1611 yo

213 1617 327 1649 Nunca
347 1615 405 1648 has
422 1613 535 1647 tenido
551 1613 712 1652 ninguno.

260 1660 306 1693 En
322 1660 430 1693 frente
445 1658 498 1690 del
514 1658 562 1690 sol
575 1658 714 1690 saliente

215 1705 303 1738 tiene
320 1703 364 1737 mi
381 1704 457 1735 niña
474 1701 504 1735 el
523 1701 658 1739 balcón;

215 1750 283 1783 sale
299 1749 329 1782 el
348 1749 412 1786 sol,
431 1748 500 1779 sale
518 1746 561 1778 mi
580 1746 658 1778 niña

215 1795 306 1826 salen
329 1793 374 1825 mi
391 1792 470 1825 niña
489 1801 505 1833 y
525 1792 556 1823 el
572 1791 635 1823 sol.

261 1838 337 1871 Eres
356 1838 516 1870 hermana
539 1836 591 1868 del
610 1833 671 1871 sol,

218 1884 324 1925 prima
343 1882 501 1914 hermana
523 1879 564 1911 de
578 1879 608 1912 la
622 1880 716 1917 luna,

217 1927 354 1960 sobrina
376 1925 427 1957 del
448 1924 629 1962 alabastro,

220 1971 260 2004 de
281 1971 311 2004 el
331 1969 407 2003 alba
423 1969 527 2012 prima
545 1967 705 2009 segunda.

264 2015 332 2048 Una
351 2013 483 2048 estrella
502 2022 537 2045 se
551 2013 590 2045 ha
614 2010 755 2054 perdido

221 2070 238 2101 y
255 2069 295 2093 en
318 2060 345 2092 el
366 2058 450 2091 cielo
468 2066 510 2090 no
530 2066 660 2100 parece,

223 2114 263 2137 en
282 2108 315 2136 tu
333 2108 448 2136 cuarto
469 2110 505 2134 se
521 2103 563 2134 ha
582 2100 708 2133 metido

224 2158 241 2190 y
260 2158 300 2181 en
324 2153 357 2181 tu
377 2156 451 2180 cara
473 2145 702 2188 resplandece.

269 2193 347 2226 Para
367 2192 479 2233 guisar
495 2196 562 2224 esta
579 2190 685 2223 liebre

230 2237 302 2270 solo
318 2246 373 2270 me
388 2236 464 2269 falta
483 2236 512 2269 la
533 2233 595 2272 sal;

232 2281 328 2315 ustéd
346 2290 410 2324 que
425 2280 465 2314 de
487 2279 587 2313 sobra
604 2278 693 2312 tiene

233 2335 304 2365 ¿me
319 2327 350 2360 la
369 2325 485 2368 quiere
500 2323 573 2358 usté
591 2322 734 2366 prestar?

943 227 1049 262 Desde
1063 234 1131 268 que
1146 223 1186 257 V.
1201 231 1236 256 se
1251 230 1348 264 pasea

901 282 960 316 por
976 274 1023 306 las
1038 270 1141 305 calles
1157 268 1208 302 del
1226 267 1332 308 lugar,

901 319 969 351 está
987 314 1124 360 perdida
1141 314 1171 346 la
1188 316 1287 346 venta

903 363 943 396 de
964 362 1011 394 las
1029 361 1129 393 cañas
1148 357 1188 391 de
1208 363 1335 399 pescar.

948 402 1180 447 Compañerita
1199 401 1252 434 del
1270 400 1356 432 alma

903 460 981 493 ¿por
997 448 1110 483 donde
1125 445 1273 480 caminas
1288 442 1338 476 tú?

906 504 944 537 yo
964 493 1097 527 camino
1118 500 1177 533 por
1195 491 1224 522 la
1237 497 1335 522 arena

907 550 923 582 y
941 538 977 572 tú
993 547 1053 581 por
1068 537 1099 570 el
1117 534 1203 569 cielo
1219 534 1304 567 azul.

951 582 1085 616 Cuando
1104 590 1155 613 me
1172 579 1286 611 dieron
1306 577 1334 610 la
1355 584 1465 611 nueva

909 629 950 662 de
970 635 1033 669 que
1052 624 1088 659 tú
1111 634 1152 657 no
1168 632 1221 656 me
1237 622 1381 664 querías,

907 682 944 706 se
961 680 1017 705 me
1033 669 1142 712 quedó
1157 668 1186 701 el
1208 676 1394 700 corazón...

909 718 941 749 lo
963 716 1084 748 mismo
1102 721 1167 756 que
1182 713 1210 744 le
1229 712 1327 744 tenia.

954 760 992 793 El
1008 767 1105 793 amor
1124 766 1189 800 que
1204 760 1236 789 te
1256 754 1342 788 tenia

913 805 944 838 lo
963 801 1046 837 metí
1066 811 1106 836 en
1128 810 1173 835 un
1190 800 1340 843 agujero,

912 860 930 891 y
947 857 1044 882 como
1063 846 1142 880 vino
1163 846 1191 879 el
1212 853 1333 878 verano

911 895 961 927 las
976 891 1139 926 chinches
1155 899 1191 924 se
1209 889 1241 922 lo
1257 888 1443 922 comieron.

958 936 1032 970 Está
1050 940 1084 969 tu
1103 936 1234 976 imágen
1253 941 1318 975 que
1340 932 1468 965 admiro

914 985 969 1015 tan
992 979 1117 1024 pegada
1138 980 1155 1013 á
1173 978 1218 1011 mi
1233 977 1346 1014 deseo,

915 1035 981 1069 que
997 1025 1023 1058 si
1041 1026 1070 1057 al
1088 1023 1199 1067 espejo
1219 1031 1271 1055 me
1289 1021 1373 1054 miro

917 1080 957 1104 en
976 1079 1033 1104 ver
1048 1070 1089 1103 de
1105 1077 1231 1105 verme,
1250 1070 1280 1100 le
1295 1075 1370 1099 veo.

960 1115 1006 1147 Te
1022 1112 1151 1156 pintaré
1167 1121 1208 1145 en
1226 1120 1271 1144 un
1288 1115 1403 1144 cantar

918 1159 948 1192 la
967 1158 1070 1192 rueda
1092 1158 1133 1191 de
1153 1158 1181 1190 la
1198 1155 1394 1191 existencia,

920 1212 1033 1246 pecar,
1051 1203 1153 1235 hacer
1166 1199 1352 1242 penitencia

922 1257 938 1289 y
957 1248 1054 1289 luego
1071 1247 1183 1280 vuelta
1201 1245 1219 1278 á
1235 1253 1400 1287 empezar.

967 1292 1029 1324 Por
1047 1291 1167 1325 mucho
1184 1299 1250 1333 que
1262 1289 1292 1322 el
1311 1292 1381 1322 tren
1400 1285 1507 1321 corría

924 1344 1021 1369 corre
1038 1340 1129 1369 tanto
1145 1344 1190 1369 un
1211 1343 1268 1374 «yo
1284 1338 1316 1366 te
1332 1332 1467 1368 adoro,»

924 1389 990 1422 que
1004 1389 1059 1413 era
1077 1384 1151 1421 tuya
1169 1388 1209 1412 en
1225 1378 1422 1411 Valdemoro

923 1434 941 1466 y
959 1433 999 1456 en
1016 1424 1181 1466 Aranjuez
1199 1432 1236 1462 ya
1252 1431 1325 1456 eras
1342 1422 1421 1454 mia.

970 1468 1006 1501 Ni
1027 1470 1159 1510 contigo
1177 1467 1209 1500 ni
1227 1467 1276 1499 sin
1295 1465 1316 1499 tí

927 1512 1040 1546 hallan
1057 1512 1120 1545 mis
1137 1522 1239 1555 penas
1258 1509 1420 1544 remedio,

928 1560 1060 1599 contigo
1081 1566 1209 1600 porque
1225 1564 1280 1589 me
1299 1558 1405 1587 matas

928 1610 946 1644 y
963 1601 1014 1634 sin
1033 1600 1069 1640 tí,
1090 1610 1216 1645 porque
1233 1609 1287 1633 me
1304 1607 1432 1632 muero.

974 1646 1090 1679 Nunca
1102 1654 1237 1687 aunque
1253 1641 1337 1676 estés
1352 1639 1608 1684 quejumbrosa,

931 1694 984 1723 tus
1002 1690 1117 1733 quejas
1134 1690 1242 1733 puedo
1259 1687 1432 1722 escuchar,

932 1743 1015 1777 pues
1032 1743 1131 1768 como
1147 1743 1220 1767 eres
1237 1737 1289 1766 tan
1307 1732 1476 1766 hermosa,

933 1788 976 1812 no
997 1783 1029 1812 le
1044 1778 1133 1821 oigo,
1156 1782 1188 1811 te
1204 1777 1288 1811 miro
1306 1775 1436 1810 hablar.

978 1823 1066 1860 Dios,
1086 1833 1151 1867 que
1169 1832 1229 1855 nos
1242 1821 1310 1856 crió
1323 1820 1340 1853 á
1359 1820 1407 1852 los
1426 1818 1496 1854 dos,

936 1867 1037 1910 podrá
1054 1869 1155 1900 hacer
1168 1876 1234 1908 que
1250 1875 1288 1907 yo
1305 1873 1359 1898 me
1381 1870 1510 1897 muera,

937 1921 1015 1953 pero
1034 1911 1134 1945 hacer
1154 1920 1220 1953 que
1239 1919 1282 1943 no
1299 1913 1331 1943 te
1349 1906 1477 1950 quiera,

938 1956 1013 1989 Dios
1031 1956 1187 1998 podría...
1207 1963 1334 1998 porque
1350 1962 1385 1985 es
1401 1951 1490 1983 Dios.

981 2001 1042 2033 Las
1061 2000 1167 2033 malas
1183 2009 1241 2032 son
1255 2008 1326 2031 esas
1344 2005 1445 2039 penas

939 2054 1004 2089 que
1021 2044 1072 2078 sin
1093 2048 1199 2078 matar
1216 2052 1274 2077 nos
1293 2043 1481 2075 maltratan;

937 2091 987 2122 las
1004 2097 1071 2132 que
1088 2089 1129 2122 de
1144 2098 1189 2122 un
1205 2088 1301 2130 golpe
1315 2096 1374 2119 nos
1390 2087 1514 2119 matan,

942 2142 1013 2167 esas
1030 2133 1057 2166 sí
1074 2142 1137 2176 que
1156 2141 1215 2166 son
1235 2133 1282 2164 las
1299 2132 1438 2164 buenas.

989 2181 1014 2210 A
1031 2187 1096 2211 una
1115 2177 1227 2220 piedra
1244 2176 1284 2209 de
1301 2176 1329 2208 la
1346 2173 1430 2208 calle

945 2222 976 2255 la
992 2221 1135 2255 contaba
1154 2222 1199 2254 mi
1217 2221 1324 2257 dolor,

951 2267 1045 2306 ¡mira
1064 2267 1095 2299 lo
1113 2275 1178 2309 que
1192 2266 1221 2298 la
1237 2265 1317 2298 diría

948 2320 1014 2354 que
1034 2311 1062 2344 la
1080 2310 1193 2354 piedra
1210 2319 1245 2344 se
1262 2307 1378 2353 partió!
