1621 2303
1284 200 1519 253 Núm. 289.
595 1155 824 1203 COPLAS
866 1153 1021 1202 PARA
1061 1152 1305 1201 GASTAR

300 1262 388 1300 LOS
417 1260 815 1299 DESPERTADORES
840 1260 905 1298 DE
938 1258 1024 1296 LAS
1057 1254 1279 1297 MAÑANAS
1298 1289 1307 1306 ,
1342 1259 1602 1298 LLAMANDO

588 1352 612 1381 A
629 1352 751 1382 REZAR
771 1351 819 1381 EL
847 1350 1005 1382 ROSARIO
1029 1350 1076 1380 DE
1094 1351 1142 1381 LA
1156 1349 1318 1380 AURORA.

343 1434 384 1463 La
402 1434 539 1468 Pastora,
560 1433 718 1469 mortales,
736 1442 769 1464 os
794 1434 888 1463 busca

305 1473 472 1504 Corriendo
485 1474 529 1503 las
538 1473 632 1504 calles
644 1482 703 1504 con
715 1482 801 1504 suma
809 1474 929 1512 piedad;

306 1514 370 1551 Que
388 1514 515 1553 Tengáis
527 1513 543 1544 á
555 1523 642 1545 rezar
660 1515 690 1544 el
704 1514 829 1545 Rosario

305 1555 364 1585 Por
374 1563 434 1594 que
447 1554 515 1585 será
527 1555 638 1585 mucha
655 1558 779 1585 vuestra
790 1555 930 1586 utilidad.

470 1596 552 1626 Salid
571 1596 618 1626 sin
635 1596 750 1626 tardar;

306 1636 387 1666 Pues
402 1645 435 1667 os
446 1637 540 1666 llama
554 1637 582 1667 la
597 1635 713 1674 Virgen
733 1636 836 1671 María,

308 1677 417 1715 Zagala
436 1677 550 1707 divina,
567 1677 596 1707 la
613 1685 679 1707 mas
702 1677 850 1716 singular.

478 1718 574 1747 Venid
593 1717 611 1747 á
629 1725 730 1748 rezar:

313 1758 374 1793 Que
390 1757 422 1787 al
440 1758 489 1788 oir
507 1761 644 1788 vuestras
670 1757 862 1789 Ave-Marias

311 1799 351 1829 Se
358 1799 457 1837 queda
469 1799 517 1829 sin
529 1800 650 1838 fuerzas
664 1799 692 1828 el
704 1799 769 1829 lobo
786 1797 936 1837 infernal.

353 1840 414 1869 San
427 1839 549 1878 Miguel,
562 1848 619 1870 con
636 1849 686 1870 sus
699 1848 799 1870 armas
812 1839 941 1870 convida

312 1881 336 1911 A
353 1881 439 1910 todos
455 1889 514 1919 que
537 1880 668 1914 acudan,
684 1889 757 1919 para
775 1881 879 1918 pelear

315 1921 378 1951 Con
392 1921 489 1955 valor,
507 1924 615 1952 contra
631 1921 702 1951 todo
719 1922 747 1951 el
768 1921 897 1957 abismo,

312 1961 368 1993 Sin
383 1964 496 1996 temer,
513 1963 670 1998 cobardes,
689 1971 723 1992 su
740 1961 818 1993 furia
829 1961 937 2001 jamás!

476 2003 558 2034 Salid
578 2002 625 2033 sin
648 2003 762 2034 tardar:

314 2043 380 2080 Que
398 2051 524 2083 seguros
541 2043 638 2074 teneis
655 2043 686 2074 la
711 2043 840 2074 victoria

315 2083 480 2123 Siguiendo
496 2085 543 2115 los
557 2093 645 2123 pasos
667 2084 704 2115 de
732 2084 863 2116 caudillo
887 2084 941 2121 tal,

487 2125 584 2156 Venid
602 2125 622 2155 á
637 2133 737 2160 rezar,
762 2127 819 2156 etc.

357 2166 487 2204 Acudid,
507 2166 689 2198 corderinos
701 2166 865 2202 humildes,

317 2207 343 2237 A
355 2207 403 2241 los
420 2207 513 2241 silvos
528 2208 635 2241 dulces
651 2215 711 2248 que
728 2207 820 2240 María
843 2217 876 2240 os
895 2207 942 2240 dá:

974 1431 1102 1467 Acudid,
1137 1440 1197 1470 que
1212 1441 1246 1462 su
1263 1440 1350 1462 amor
1365 1440 1397 1462 es
1420 1431 1458 1462 de
1482 1431 1600 1468 madre,

974 1473 1017 1502 De
1031 1471 1104 1502 miel
1116 1481 1168 1502 sus
1180 1472 1333 1510 palabras,
1353 1481 1404 1502 sus
1418 1480 1489 1503 ecos
1504 1472 1601 1503 imán.

1138 1513 1221 1543 Salid
1239 1513 1286 1543 sin
1299 1512 1416 1543 tardar:

976 1554 1000 1583 Y
1022 1561 1098 1591 pues
1117 1556 1203 1591 pasto
1223 1554 1348 1584 sabroso
1363 1562 1396 1584 os
1410 1553 1525 1590 ofrece,

975 1594 1020 1624 En
1039 1597 1105 1624 este
1117 1594 1233 1624 rebaño
1248 1597 1392 1632 gustosos
1406 1595 1527 1625 entrad.

1146 1634 1244 1664 Venid
1259 1644 1277 1664 a
1293 1643 1395 1671 rezar,
1424 1638 1481 1665 etc.

1020 1674 1098 1705 Cada
1113 1683 1168 1705 vez
1187 1682 1246 1713 que
1263 1675 1291 1705 el
1307 1675 1439 1705 infierno
1459 1675 1604 1713 apercibe

980 1716 1044 1752 Que
1053 1714 1069 1745 á
1081 1718 1206 1746 vuestra
1217 1716 1342 1746 Pastora
1356 1715 1479 1754 qnereis
1488 1716 1604 1751 alabar,

981 1757 1018 1786 Se
1034 1756 1200 1791 confunde,
1217 1764 1250 1786 se
1261 1765 1366 1794 pasma
1380 1765 1396 1794 y
1408 1765 1440 1786 se
1457 1756 1605 1787 aturde...

981 1798 1018 1828 Se
1036 1797 1183 1827 revuelve
1210 1797 1281 1827 lodo
1300 1797 1328 1827 al
1347 1797 1428 1827 oiros
1446 1799 1565 1827 cantar.

1149 1837 1231 1867 Salid
1245 1837 1291 1867 sin
1308 1837 1423 1868 tardar:

986 1879 1050 1915 Que
1067 1878 1096 1908 al
1124 1877 1269 1908 demonio
1285 1878 1314 1908 le
1330 1887 1422 1908 causa
1441 1886 1507 1908 mas
1532 1886 1604 1916 pena

986 1918 1063 1958 Aquí
1078 1920 1202 1949 vuestro
1213 1921 1305 1948 canto
1315 1927 1374 1957 que
1385 1928 1420 1949 su
1433 1919 1522 1957 fuego
1538 1917 1596 1949 allá

1152 1958 1250 1988 Venid
1268 1958 1287 1989 á
1305 1967 1405 1994 rezar,
1430 1961 1487 1988 etc.

1023 2001 1079 2030 Los
1099 2008 1158 2038 que
1182 2007 1275 2029 rezan
1302 2000 1330 2029 el
1348 2000 1441 2029 Santo
1453 1998 1588 2034 Rosario,

985 2041 1116 2072 Muchas'
1128 2039 1343 2078 indulgencias
1361 2039 1448 2069 todos
1463 2038 1597 2077 ganarán

986 2083 1009 2112 Y
1026 2081 1043 2112 á
1055 2082 1153 2116 Jesús,
1175 2080 1191 2110 á
1211 2079 1281 2110 José
1299 2089 1316 2118 y
1336 2079 1351 2110 á
1365 2079 1467 2115 Maria,

987 2123 1045 2154 Por
1061 2131 1113 2154 sus
1126 2121 1303 2151 defensores
1322 2127 1449 2158 seguros
1465 2118 1597 2150 tendrán

1153 2161 1234 2192 Salid
1252 2161 1299 2191 sin
1315 2160 1428 2191 tardar:

989 2206 1053 2243 Que
1069 2212 1123 2243 por
1138 2206 1205 2234 rato
1222 2205 1275 2234 tan
1291 2202 1398 2237 breve,
1414 2201 1444 2230 la
1461 2199 1575 2239 Virgen
