1737 2508
1113 263 1425 307 Núm. 130.
268 1380 1414 1433 EL HIJO DEL VERDUGO.
154 1513 1555 1566 Nueva relacion, en la que se refieren los mas raros sucesos de este
243 1564 1451 1616 mancebo, natural de la ciudad de Córdoba, el cual se pasó
465 1613 1226 1660 á las Indias y logró grandes fortunas.
556 1761 1127 1805 PRIMERA PARTE.
194 1843 723 1890 Noble y discreto auditorio,
150 1894 655 1936 suplico no me haga falta,
162 1944 734 1986 que á contar voy una historia
152 1990 689 2033 que ha sucedido en España
150 2039 576 2080 sin fábula ni mentira,
142 2137 586 2177 tuvo solo por ser hijo
147 2088 778 2134 de un hombre que su desgracia
864 1854 1465 1901 de un padre de prendas bajas.
861 1904 1303 1943 En Córdoba la famosa
863 1952 1356 1993 nació este gallardo jóven:
863 2001 1360 2041 dióle Dios entendimiento;
864 2051 1442 2093 y tanto que en él se hallaban
868 2099 1308 2140 prendas de naturaleza,
865 2147 1374 2193 sin quitarle á nadie nada,
