1765 2512
283 336 312 389 4
153 382 653 458 señores yo soy mu neto,
153 432 637 508 mas bravio que un leon
162 490 591 564 y con mucho corazon
155 533 716 609 sa cabó, soy mu completo.
165 593 699 671 Un mozo como un parmito
167 640 773 722 que con el mejor me apuesto;
179 700 653 774 y templao! prosupuesto
175 751 754 825 que al ver un cuerpo bonito,
167 803 696 880 fortuna me jago un tiesto.
170 858 660 935 Con las mosas soy azuca
179 909 684 985 y me estutano por ellas.
179 964 711 1035 y me subo á las estrellas
182 1017 680 1086 en armando la borrusca.
182 1064 763 1143 Con hombres laigo sentellas,
191 1112 874 1198 quemo mas que un jierro ardiendo
187 1175 735 1246 echo mas fuego que el sor
187 1227 701 1304 laigá puñalas en viendo
884 348 1266 417 otro mozo como yo.
875 396 1358 473 Mi navaja es de Mudela
883 451 1348 528 con doce muelles atrás,
880 499 1405 583 no hay mas que jaser ¡saz!
887 559 1319 635 y ella sólita se cuela
890 602 1525 693 y el que quiera armá el espolio
891 662 1369 738 donde yo cobro er cané
888 717 1427 793 se la enclavo en la paré
896 770 1429 846 y no recibe er Santo Olio.
900 825 1369 899 Y si le escupo ¡canario!
891 880 1358 952 á ese só medio enfaao,
892 938 1245 1009 lo dejo abujereao
899 976 1492 1062 como la cuenta é un rosario.
905 1036 1425 1112 ¡En fin soy una serpiente!
903 1088 1413 1165 Estaría yo un dia quemao
912 1139 1413 1215 cuando me tiré un bocao
922 1187 1518 1265 yo mismo en mitá é la frente.
887 1794 979 1846 FIN
280 2305 1616 2413 CARMONA:—Imp. y lib. de D. José M. Moreno, Madre de Dios, 1.
