1217 1760
511 111 529 142 8

178 154 340 195 Alguacil,
363 154 503 188 llevadle
524 164 633 196 preso,

178 207 195 239 y
218 199 311 232 Lodos
332 200 379 231 los
399 199 514 233 demas
535 200 660 242 salgan.
798 202 899 235 salen.

47 242 124 276 Tod.
174 243 218 275 Ya
235 245 379 276 salimos.

45 288 117 320 Ale.
179 288 226 320 No
242 289 428 326 consiento;

177 332 252 373 pido
273 333 319 365 mi
331 332 558 375 jurisdicción.

43 376 131 417 Mug.
176 376 249 409 Está
271 387 311 410 en
329 377 373 409 mi
390 387 490 410 mano
513 379 544 410 el
564 376 721 411 derecho.

48 421 124 452 Tod.
174 421 285 462 Venga
306 421 324 454 á
339 423 369 454 la
386 420 496 454 cárcel
512 422 542 454 al
557 424 673 463 punto.

41 465 113 497 Ale.
177 466 260 498 Pues
280 465 345 508 qué
366 475 405 498 va
422 465 462 498 de
474 475 569 499 veras
585 468 672 499 esto?

174 510 308 542 Alcalde
329 510 368 542 de
384 520 468 552 poco
485 509 557 548 acá,

173 554 392 587 Alcaldiritito
413 554 514 591 bello,

173 597 304 638 piedad,
328 608 345 639 y
362 598 482 630 dadme
503 599 548 630 mi
570 608 662 631 vara.

41 641 128 682 Mug.
169 642 269 674 Como
285 641 418 675 ofrezca
439 643 469 674 el
485 643 657 684 majadero

173 685 267 727 pedir
288 687 413 729 perdón
430 687 460 719 al
485 686 633 724 borrico,
650 686 720 720 está
736 687 829 721 libre.

40 729 111 762 Ale.
175 731 222 762 Yo
237 731 269 762 lo
292 731 435 764 ofrezco:

173 783 244 807 mas
260 783 323 808 con
346 775 390 807 tal
407 785 471 817 que
487 784 552 808 aun
568 785 633 818 que
655 786 710 809 me
730 779 931 815 encuentre,

176 828 217 851 no
233 820 350 861 quiero
375 829 441 861 que
463 829 518 852 me
534 820 574 852 dé
590 821 700 853 besos.

44 863 119 896 Tod.
173 864 257 896 Pues
278 864 394 896 demos
411 864 456 896 fin
478 873 541 896 con
559 874 603 897 un
619 865 705 898 baile

171 917 249 950 para
270 908 407 942 divertir
427 909 456 941 el
478 909 615 953 tiempo.

436 1187 593 1237 FIN

335 1485 536 1520 CARMONA:
546 1502 583 1516 =
592 1488 686 1521 49.

93 1620 261 1664 Imprenta
279 1622 294 1664 y
315 1620 447 1658 librería
464 1622 503 1655 de
520 1623 557 1654 D.
576 1624 604 1656 J.
624 1624 663 1656 M.
682 1624 828 1659 Moreno,
853 1626 936 1660 calle

427 1667 593 1701 Oficiales.
