1737 2508
1166 207 1268 244 Núm.
1304 207 1371 242 128
1378 233 1385 240 .

367 1135 715 1205 COLECCION
767 1135 847 1205 DE
893 1133 1139 1203 COPLAS
1189 1133 1435 1205 NUEVAS

873 1239 917 1289 DE
199 1335 779 1409 FANDANGO
781 1333 797 1423 ,
891 1313 1599 1409 MALAGUEÑAS

551 1437 619 1509 Y
638 1415 1237 1509 DEÑAS.

242 1711 279 1744 El
296 1720 391 1744 amor
407 1720 441 1744 es
462 1719 560 1744 como
581 1710 610 1743 el
632 1710 712 1742 niño

197 1765 263 1799 que
280 1765 315 1789 se
331 1755 428 1798 enoja
448 1765 463 1796 y
486 1756 546 1788 tira
568 1755 597 1787 el
619 1764 696 1797 pan,

196 1810 216 1842 y
232 1809 274 1833 en
293 1799 493 1833 haciéndole
512 1799 656 1837 cariños,

197 1844 283 1878 calla
301 1854 316 1886 y
337 1845 369 1877 lo
387 1844 508 1877 vuelve
528 1842 546 1876 á
566 1847 688 1876 tomar.

242 1889 342 1921 Entra
359 1888 389 1921 el
409 1897 504 1921 amor
524 1897 583 1930 por
603 1888 652 1921 los
669 1888 755 1931 ojos,

195 1942 232 1965 se
249 1933 398 1975 deposita
417 1941 456 1965 en
475 1932 504 1965 el
523 1932 641 1975 pecho,

197 1978 228 2010 le
245 1977 429 2010 alimentan
447 1977 494 2009 los
512 1976 605 2009 oidos

197 2031 215 2064 y
235 2021 266 2054 le
285 2025 397 2055 matan
416 2022 465 2053 los
483 2020 686 2062 desprecios.

241 2065 384 2099 Piensan
401 2065 450 2098 los
470 2064 704 2102 enamorados,

195 2109 351 2152 piensan,
373 2120 391 2152 y
407 2118 449 2142 no
468 2109 606 2152 piensan
627 2108 718 2147 bien,

197 2154 337 2196 piensan
355 2163 421 2196 que
442 2153 540 2187 nadie
559 2153 609 2187 los
628 2152 714 2187 mira

197 2208 214 2240 y
237 2199 312 2232 todo
335 2198 365 2232 el
386 2198 511 2231 mundo
532 2199 582 2231 los
599 2197 652 2230 vé.

240 2244 282 2276 Es
300 2252 394 2276 amor
414 2251 510 2276 como
527 2243 558 2276 el
574 2242 729 2285 pleitista,

199 2288 329 2321 cuando
347 2287 462 2321 dinero
480 2296 523 2321 no
545 2286 643 2324 tiene,

913 1709 947 1741 ni
964 1709 995 1742 el
1010 1707 1180 1742 escribano
1198 1708 1230 1741 le
1246 1707 1404 1746 escucha,

913 1752 948 1786 ni
964 1753 994 1786 el
1009 1751 1159 1793 abogado
1176 1752 1207 1786 le
1223 1752 1369 1786 atiende.

959 1797 1093 1830 Cuando
1111 1805 1178 1830 uno
1195 1795 1310 1839 quiere
1340 1797 1358 1830 á
1376 1806 1458 1836 una,

914 1851 932 1884 y
947 1845 1016 1875 esta
1030 1850 1095 1874 una
1115 1850 1158 1874 no
1178 1840 1210 1873 le
1226 1840 1354 1884 quiere,

914 1895 950 1919 es
970 1886 1001 1919 lo
1017 1885 1136 1918 mismo
1153 1894 1218 1928 que
1230 1885 1258 1919 si
1275 1894 1320 1919 un
1335 1885 1431 1919 calvo

913 1939 948 1963 se
966 1932 1144 1963 encuentra
1161 1938 1202 1962 en
1218 1929 1247 1962 la
1265 1929 1350 1963 calle
1369 1939 1413 1964 un
1432 1929 1543 1973 peine.

958 1976 1007 2007 Un
1023 1974 1109 2007 rosal
1130 1973 1197 2008 cria
1219 1983 1282 2007 una
1301 1984 1388 2014 rosa,

915 2028 981 2052 una
1001 2021 1129 2051 maceta
1147 2027 1191 2051 un
1213 2018 1333 2056 clavel,

915 2072 959 2096 un
982 2062 1083 2105 padre
1104 2061 1171 2096 cria
1193 2071 1260 2095 una
1279 2062 1344 2105 hija

914 2117 932 2150 y
950 2117 992 2140 no
1008 2106 1088 2140 sabe
1104 2115 1181 2149 para
1198 2106 1313 2149 quien.

958 2151 996 2185 Al
1010 2160 1076 2194 que
1095 2151 1126 2184 le
1145 2150 1285 2193 quieren
1303 2151 1344 2184 de
1361 2150 1459 2184 balde

913 2204 957 2229 no
976 2205 1084 2237 venga
1102 2195 1257 2237 pidiendo
1278 2195 1381 2232 celos,

914 2249 980 2283 que
997 2240 1091 2273 harto
1111 2240 1201 2273 favor
1217 2249 1253 2273 se
1268 2239 1298 2273 le
1314 2239 1399 2273 hace

914 2294 978 2318 con
996 2283 1149 2328 quererle
1166 2284 1239 2328 pelo
1258 2283 1275 2318 á
1293 2284 1383 2327 pelo.
