1765 2512
708 278 970 314 SAINETE DE
219 290 253 321 2
196 411 1493 460 SALE AGUEDA Y LAZARO DE PAYOS REZELOSOS.
152 562 654 602 Agued. Sígueme muy queitito
195 605 543 641 á este retirao cuarto,
199 643 637 680 puesto que estan en la sala
201 684 593 720 las vesitas, y los amos;
191 725 565 762 y aquí, Lázaro querio,
199 763 635 799 miéntras rien ellos, ambos
194 795 829 838 hartemonos de llorar Afligida.
196 840 627 878 nuestras penas, y trabajos.
156 883 635 920 Laz. Tienes razon, Agueita,
199 921 605 959 lloremos, el triste estao
200 962 700 999 en que nos vemos, lloremos
195 1002 645 1038 nuestro amor disfortunao
199 1041 585 1078 por ese Doctor Heróes
203 1080 644 1117 del amo: y el Cielo santo
199 1120 670 1159 premita que en este Pruebo
200 1162 606 1197 esten todos rebentando
205 1201 597 1236 de salú, y nunca gane
201 1237 731 1278 por tomar el pulso un cuarto.
165 1278 791 1317 Agued. Amen, Siempre halle la cama
203 1318 727 1356 mas dura, y tiesa que un canto;
209 1359 635 1396 y espinas se le atraviesen,
199 1399 639 1435 si come peces, ó barbos.
163 1438 647 1475 Laz. Amnen, Y las escaleras
207 1478 633 1513 siempre las baje rodando.
164 1515 789 1554 Agued. Todos los perros le muerdan.
166 1555 757 1594 Laz. Jamás encuentre pan blando.
164 1594 809 1634 Agued. Mas que sin muelas se quee.
168 1635 747 1674 Laz. Mas que se ponga muy calvo;
207 1677 565 1715 y ni peluca, ni gorro
211 1715 657 1751 encuentre con que taparlo.
170 1755 736 1792 Los dos. Lloremos amargamente
205 1795 662 1830 nuestro amor desventurao.
173 1826 829 1872 Agued. ¡Qué lastima! Afligidos.
171 1877 468 1912 Laz. ¡Qué dolor!
177 1910 813 1951 Los dos. Lloremos, que no me caso:
211 1953 557 1991 Y mala raiba le dé
216 1992 647 2030 al que lo ha desbaratao.
171 2030 753 2070 Laz. No llores mas; que de verte
210 2070 721 2109 á mi se maumenta el llanto.
169 2110 771 2151 Agued. ¿Es el lance para menos?
221 2151 623 2189 si no puedo remediarlo.
219 2192 607 2227 Pero dime por menor,
223 2219 779 2273 ¿qué es lo que taicho el amo?
186 2270 623 2308 Laz. Razones que para mí
220 2311 627 2348 han sio un pistoletazo.
219 2350 625 2386 Me ijo .. tú entenderás,
223 2389 673 2430 y estará tambien pensando
229 2433 609 2466 tu compañera Agueita,
907 554 1362 588 el que tengo de casaros,
907 594 1375 628 como lo ofrecí; no, amigo
915 634 1323 667 de lo icho me retrato:
914 673 1360 708 los conciertos de mi hija
910 713 1305 746 en esta noche ajustaos
911 751 1520 786 han de quedar; mas los vuestros
919 786 1471 825 ni quiero ni es de mi agrao.
875 823 1472 867 Agued. ¿Y tú entónces que jistes?
879 871 1337 907 Laz. Na; si me queé elao
924 911 1303 946 como estauta, sin poer
923 951 1391 984 mover ni lengua ni labios.
883 990 1345 1027 Agued. Bien te lo ecia yo
921 1030 1350 1064 cuanto nos está pasando.
929 1069 1375 1105 Si es un Meico perverso.
932 1107 1470 1144 Dempues que hemos concertao
928 1149 1342 1184 el bodorrio de su hija
928 1190 1442 1224 los dos, éste ha sio el pago.
928 1229 1220 1262 Mal fuego en él.
893 1269 1121 1304 Laz. Lo camí
932 1307 1318 1342 me tiene mas enrabio
934 1345 1333 1382 es el que nos alborotó
930 1387 1339 1422 con cabía de casarnos;
935 1425 1403 1463 y ahora ha salio el infame
937 1466 1334 1501 con una pata de gallo.
892 1502 1524 1545 Agued. Vea usté nuestros corazones
936 1545 1369 1582 que eataban enquillotaos,
929 1584 1295 1620 como quearán ahora
932 1623 1351 1660 con caso tan impensao.
890 1662 1458 1701 Laz. Yo te aseguro que el mio
933 1704 1328 1739 creo que sa desmayao,
938 1741 1427 1778 ó muerto, que no le siento,
937 1780 1465 1818 por mas que pongo ya mano,
931 1819 1419 1857 ni bollir, ni daa brinquitos.
898 1858 1510 1898 Agued. Ya mí me pasa otro tanto.
892 1900 1408 1938 Laz. Si se no habrá morio
935 1941 1261 1976 de la pesadumbre.
897 1982 1149 2017 Agued. Macho,
941 2018 1429 2056 ¿si se nos hubiera muerto,
940 2055 1431 2094 habiamos de estar hablando?
900 2096 1470 2136 Laz. Que se yo. ¿Sabes que igo?
944 2133 1439 2176 que es tontuna contristarnos
943 2173 1435 2215 porque el amo no nos case:
948 2213 1457 2254 en quiriendo los dos, vamos
946 2256 1389 2294 al Señor Cura, nos casa,
951 2295 1303 2334 y está too remediao.
909 2331 1503 2375 Agued. Calla: pues has icho bien,
941 2374 1389 2413 no habia yo dao en tanto.
947 2413 1409 2452 Ya hablarémos del asunto.
