1765 2512
381 221 402 257 4

284 275 352 309 Por
365 281 427 307 oso
446 276 516 315 que
536 274 578 313 yo
596 273 659 308 soy
678 261 765 297 rica,

288 344 306 378 y
324 332 355 366 le
370 325 505 374 supliré
524 325 555 360 la
578 322 670 359 falla.

287 388 422 423 Viendo
435 384 477 419 D.
498 384 609 420 Juan;
626 387 692 424 que
711 386 750 410 su
772 373 842 420 hija

290 457 356 482 con
378 451 525 480 razones
543 446 645 474 noise
661 432 824 471 ablanda,

292 505 324 539 la
343 499 491 538 encerró
507 508 550 533 en
571 505 615 531 un
632 497 753 529 cuarto
771 489 846 527 sola

294 563 345 597 sin
366 556 529 605 quererle
547 556 610 590 dar
629 553 663 587 ni
684 560 751 586 aun
769 557 869 593 agua.

296 617 430 654 Túvola
448 614 505 650 allí
527 625 572 649 un
594 612 647 647 día
672 612 806 646 entero,

299 688 317 722 y
336 677 354 710 á
377 677 407 709 la
426 672 544 709 noche
564 672 596 705 la
612 668 752 703 sacaba,

299 746 315 780 y
339 730 538 768 llevándola
559 730 575 763 á
591 728 621 763 la
643 735 754 763 mesa,

299 794 315 828 á
333 803 374 827 su
395 791 477 826 lado
496 789 528 823 la
546 785 708 826 sentaba,

303 862 320 896 y
347 850 503 893 después
522 846 565 880 de
588 842 695 878 haber
724 837 856 874 cenado

304 906 462 945 comidas
482 914 564 950 muy
590 899 786 945 regaladas,

305 966 427 1011 jóle:
453 962 525 1008 hija
551 958 712 1005 querida,

309 1033 371 1070 por
385 1021 469 1058 Dios
488 1020 519 1055 el
536 1022 639 1065 gusto
662 1025 715 1050 me
727 1013 838 1059 hagas

310 1082 354 1117 de
374 1088 502 1126 querer
529 1079 547 1112 á
568 1077 607 1111 D.
628 1073 767 1110 Martin,

314 1149 383 1185 que
403 1147 442 1173 os
463 1133 632 1171 estimaré
649 1142 692 1166 en
713 1129 745 1164 el
757 1128 864 1163 alma:

314 1198 365 1233 No
388 1196 543 1242 quieras,
563 1191 637 1237 hija
657 1188 818 1235 querida,

317 1265 361 1291 no
384 1252 552 1300 permitas
584 1248 715 1296 prenda
736 1244 874 1282 amada,

319 1323 388 1359 que
402 1322 441 1358 yo
472 1308 586 1355 quede
605 1304 803 1342 desairado,

319 1381 384 1418 por
400 1369 500 1406 tallar
513 1369 531 1401 á
553 1366 603 1402 mi
625 1364 779 1410 palabra,

325 1437 458 1475 porque
482 1435 586 1461 como
603 1423 685 1458 falte
705 1422 722 1455 á
747 1418 830 1459 ella,

325 1491 426 1523 serán
457 1484 522 1519 mis
541 1479 710 1527 congojas
731 1481 857 1513 tantas,

329 1555 396 1590 que
420 1551 542 1577 muera
564 1540 608 1575 de
631 1535 867 1584 pesadumbre

328 1602 525 1638 solamente
555 1607 619 1644 p'or
640 1601 674 1631 tu
692 1604 811 1631 causa.

331 1659 532 1708 Respondió
553 1657 649 1693 Doña
670 1652 788 1689 Maria:

333 1719 464 1767 porfías
477 1727 542 1752 son
561 1712 768 1751 esclusadas;

336 1781 462 1818 Señor,
482 1786 538 1812 esa
563 1771 801 1820 pesadumbre

338 1837 440 1874 usted
460 1846 498 1871 es
517 1834 622 1881 quien
645 1829 767 1877 quiere
787 1825 962 1863 buscarla,

339 1905 475 1944 porque
493 1904 534 1940 yo
560 1903 604 1928 no
634 1900 674 1925 se
692 1890 721 1923 la
740 1888 822 1933 doy,

342 1956 378 1990 ni
398 1953 443 1991 tal
466 1963 546 1988 cosa
571 1948 780 1992 imaginara;

343 2014 383 2049 D.
402 2012 427 2047 D
434 2011 510 2058 iegn
529 2009 573 2044 de
593 2006 761 2043 Peñaloza

345 2083 384 2108 es
411 2072 515 2117 quien
537 2065 701 2109 conmigo
722 2072 758 2097 se
781 2069 875 2098 casa,

347 2141 417 2176 que
435 2130 454 2164 á
484 2128 521 2161 D.
539 2125 663 2160 Martin
674 2123 877 2157 aborrezco,

350 2190 401 2223 sin
424 2195 493 2232 que
518 2191 592 2220 otra
610 2180 770 2218 novedad
790 2178 892 2223 haya.

352 2247 434 2281 Esto
456 2253 524 2288 que
542 2242 587 2277 ha
602 2240 681 2275 oido
695 2237 732 2272 D.
755 2237 858 2273 Juan,

351 2304 436 2342 Sacó
466 2313 509 2337 un
531 2300 637 2346 puñal
658 2297 700 2332 do
722 2296 750 2330 lo
767 2294 882 2330 baina,

356 2375 374 2410 y
393 2363 425 2399 al
448 2362 580 2406 tiempo
596 2359 640 2394 de
663 2356 690 2390 ir
709 2355 726 2389 á
749 2353 867 2389 tirarle

1005 251 1101 298 llegó
1118 259 1161 286 su
1182 254 1319 292 esposa,
1341 254 1360 288 y
1380 242 1414 277 lo
1433 238 1572 279 abrazó',

1007 307 1227 356 poniéndose
1247 312 1308 351 por
1324 301 1465 337 delante

1010 368 1060 403 las
1081 363 1275 402 doncellas,
1294 370 1310 406 y
1338 358 1485 394 criadas.

1009 424 1106 462 Salió
1125 433 1167 459 su
1183 420 1253 465 hija
1272 416 1448 463 huyendo,

1012 496 1031 531 y
1051 483 1084 520 él
1105 481 1190 527 dijo:
1211 477 1394 515 Traidora,
1414 472 1517 511 anda,

1015 552 1084 589 que
1104 545 1136 576 le
1152 539 1236 586 juro
1256 544 1318 582 por
1337 532 1445 580 quien
1466 539 1542 573 soy,

1014 601 1058 636 de
1081 600 1185 634 hacer
1202 605 1267 632 una
1286 593 1405 628 accioh
1429 594 1485 624 tan
1497 593 1590 623 Vara,

1015 667 1086 705 que
1108 658 1142 692 ni
1163 655 1202 689 I).
1225 652 1347 687 Martin
1369 653 1399 684 le
1419 647 1523 685 lleve,

1017 717 1053 751 ni
1072 713 1241 750 Peñaloza
1258 714 1292 745 te
1313 708 1426 752 valga.

1018 775 1076 811 Asi
1099 779 1221 808 estuvo
1241 766 1380 814 aquélla
1399 762 1528 800 noche,

1023 829 1269 869 discurriendo
1291 825 1396 861 modo
1416 834 1432 867 y
1453 827 1544 856 traza

1026 900 1108 937 para
1131 885 1273 924 reducir
1297 892 1337 919 su
1355 880 1438 926 hija,

1027 958 1097 994 que
1116 945 1250 981 hiciese
1273 942 1308 977 lo
1327 949 1395 986 que
1414 938 1447 973 le
1467 933 1606 971 manda;

1029 1004 1206 1043 discurrió
1231 999 1329 1049 (¡qué
1346 993 1497 1039 (irania!)

1035 1067 1064 1100 la
1084 1061 1252 1099 crueldad
1274 1067 1347 1093 mas
1367 1055 1575 1090 inhumana,

1035 1133 1102 1170 que
1123 1132 1159 1157 se
1179 1121 1221 1155 ha
1240 1117 1333 1155 oido,
1355 1114 1388 1148 ni
1404 1122 1441 1147 se
1462 1110 1506 1146 ha
1527 1107 1616 1143 visto

1038 1193 1080 1218 en
1096 1173 1378 1216 todo.cúítílttt'éf
1390 1171 1444 1205 sol
1457 1178 1549 1212 tapa,

1041 1249 1111 1286 que
1128 1237 1185 1272 fue
1206 1232 1348 1270 llevarla
1367 1231 1384 1265 á
1405 1229 1458 1264 los
1471 1225 1618 1261 Montes,

1046 1310 1062 1344 y
1083 1307 1124 1331 en
1146 1305 1190 1331 un
1205 1292 1304 1328 árbol
1328 1285 1530 1324 amarrarla,

1049 1368 1066 1400 y
1093 1354 1122 1389 si
1138 1363 1181 1388 no
1198 1361 1237 1387 se
1254 1347 1475 1385 reconviene,

1045 1411 1219 1459 dejársela
1232 1407 1291 1443 allí
1306 1408 1328 1441 ó
1346 1402 1505 1440 matarla.

1048 1471 1176 1507 Púsolo
1195 1475 1239 1503 cu
1254 1463 1454 1510 ejecución,

1051 1543 1069 1576 y
1090 1535 1187 1563 antes
1209 1534 1277 1570 que
1298 1522 1472 1566 rompiese
1488 1516 1522 1550 el
1540 1512 1629 1551 Alba

1053 1588 1096 1624 de
1112 1597 1152 1622 su
1188 1592 1266 1619 casa
1283 1582 1316 1616 la
1333 1577 1413 1614 sacó

1055 1656 1099 1681 en
1118 1655 1162 1679 un
1185 1639 1323 1677 caballo
1344 1638 1361 1672 á
1381 1637 1432 1670 las
1447 1641 1566 1669 ancas,

1056 1698 1255 1740 dieiéndole
1277 1706 1344 1741 que
1361 1695 1378 1728 á
1401 1703 1446 1728 un
1463 1690 1636 1726 convento

1057 1763 1138 1798 iban
1154 1762 1171 1795 á
1193 1753 1416 1803 depositarla.

1059 1821 1126 1856 Por
1148 1821 1207 1857 íin,
1229 1824 1266 1851 se
1290 1811 1395 1848 metió
1417 1819 1459 1843 en
1477 1807 1530 1842 los
1552 1804 1690 1840 montes

1060 1887 1126 1925 por
1143 1876 1197 1911 los
1209 1881 1329 1909 cerros
1349 1880 1367 1915 y
1387 1865 1551 1903 cañadas,

1063 1937 1164 1973 hasta
1184 1942 1253 1978 que
1274 1940 1316 1964 en
1336 1927 1367 1962 el
1391 1934 1465 1961 mas
1484 1922 1602 1958 oculto

1066 1994 1160 2031 sitio.,
1183 1998 1304 2036 queso
1324 1986 1357 2021 le
1377 1980 1553 2026 antojaba,

1069 2062 1138 2099 que
1158 2060 1224 2085 aun
1245 2053 1374 2092 apenas
1392 2052 1428 2076 se
1448 2039 1551 2087 podia

1070 2111 1179 2147 hacer
1202 2102 1396 2142 existencia
1412 2100 1505 2135 clara

1073 2171 1102 2205 si
1134 2177 1192 2203 era
1221 2164 1351 2201 noche,
1371 2169 1391 2194 o
1410 2167 1468 2193 era
1485 2155 1557 2194 dia,

1076 2237 1138 2275 por
1166 2227 1197 2260 la
1218 2231 1384 2268 espesura
1405 2219 1449 2255 de
1467 2221 1597 2253 ramas,

1078 2288 1120 2322 de
1146 2283 1297 2321 árboles,
1319 2280 1433 2325 pinos,
1451 2286 1470 2322 y
1491 2273 1635 2310 encinas

1078 2342 1249 2383 laureles,
1276 2340 1404 2377 olmos,
1427 2347 1446 2383 y
1463 2333 1610 2382 palmas.
