1752 2480
214 221 606 304 que tenia, sin amigos,
205 288 638 350 ni esperanza de remedio
209 333 645 396 de aquestas necesidades,
216 381 633 451 para la hermosura apelo
214 424 585 491 de mi fingida mujer.
207 458 758 551 Si hubiera en cuanto he hecho
215 521 675 587 de tener vergüenza alguna.
215 569 609 629 solo la tuviera de esto;
212 615 682 684 porque es la última bajeza
214 667 714 734 á que llega el mas vil pecho,
209 710 656 782 poner en venta el honor,
220 757 691 829 y poner el gusto en precio.
219 813 621 870 Apenas desvergonzado
219 855 665 916 á ella le dí parte de esto,
215 902 687 968 cuando cuerda me asegura,
214 951 620 1019 sin estrañar el intento;
215 990 652 1061 pero apenas á su rostro,
219 1044 701 1110 señor, las espaldas vuelvo,
218 1095 749 1160 cuando huyendo de mí, toma
221 1142 677 1204 sagrado en un Monasterio.
218 1189 717 1247 Allí, por órden de un santo
214 1238 610 1306 religioso , tuvo puerto
216 1283 681 1340 de la tormenta del mundo,
212 1338 704 1395 y allí murió dando ejemplo
214 1378 670 1449 de su culpa y penitencia:
219 1426 661 1497 téngale Dios en el Cielo.
221 1480 723 1542 Yo, viendo que á mis delitos
216 1525 755 1593 ya le viene el mundo estrecho,
214 1575 622 1640 y que me faltaba tierra
221 1617 675 1686 que me sufriese, resuelvo
218 1669 700 1734 el dar la vuelta á mi patria,
215 1715 721 1782 porque en ella por lo menos
219 1766 559 1829 estaria mas seguro
214 1806 809 1876 (como mi amparo y mi centro)
221 1862 643 1920 de mis enemigos : tomo
215 1907 657 1971 el camino, y en fin llego
217 1956 695 2011 á Irlanda, que como madre
212 2002 633 2069 me recibió; pero luego
215 2054 621 2118 fue madrastra para mí,
215 2092 705 2164 pues al abrigo de un puerto
219 2144 609 2211 llegué buscando viaje,
213 2196 685 2253 donde estaban encubiertos
213 2243 601 2301 en una cala corsarios,
207 2290 666 2355 y Filipo, que era de ellos
209 2344 580 2404 general , me cautivó
478 2422 1333 2475 CARMONA: 1858, - Imp de D José M.a Moreno.
937 186 1508 291 despues, señor, de haber hecho
933 277 1330 344 tan peligrosa defensa,
939 318 1440 388 que aficionado á mi esfuerzo
935 370 1278 438 Filipo, me aseguró
937 413 1378 484 la vida. Lo que tras esto
934 460 1356 536 sucedió, ya tú lo sabes,
936 501 1486 582 que fue, que enojado el viento
940 568 1272 634 nos amenazó cruel,
937 605 1349 674 y nos castigó soberbio,
937 659 1436 723 haciendo en mares y montes
936 702 1411 773 tal estrago, y tal esfuerzo,
936 750 1407 807 que estos hicieron donaire
939 800 1398 866 de la soberbia de aquellos,
937 850 1313 914 de trabucos de cristal
937 883 1395 968 combatidos sus cimientos,
938 946 1338 1015 caducaron las ciudades
943 997 1367 1064 vecinas, y por desprecio
943 1037 1354 1103 tiraba el mar á la tierra,
936 1086 1471 1160 que es municion de sus senos,
936 1138 1388 1198 los nácares en sus perlas,
945 1185 1450 1253 que engendra el veloz aliento
935 1234 1364 1301 de la aurora en el rocío,
938 1280 1404 1348 lágrimas de fuego, y hielo.
941 1332 1480 1402 Y al fin, para que en pinturas
943 1376 1412 1441 no se vaya todo el tiempo,
938 1427 1387 1490 se fueron todas sus gentes
937 1472 1338 1539 á cenar á los infiernos.
949 1519 1414 1588 Yo, que era su convidado,
947 1561 1431 1641 ambien me fuera tras ellos,
939 1615 1416 1685 si Patricio, á quien no sé,
937 1663 1390 1726 por qué causa reverencio,
945 1708 1400 1779 mirando su rostro siempre
941 1760 1404 1830 con temor, y con respeto,
946 1808 1337 1867 no me sacára del mar;
946 1850 1426 1922 cuando ya rendido el pecho
945 1904 1362 1969 iba bebiendo la muerte,
938 1949 1350 2020 agonizando en veneno.
944 1997 1450 2064 Esta es mi historia, y ahora
944 2045 1370 2110 ni vida ni piedad quiero,
943 2090 1464 2149 ni que mis penas te ablanden,
942 2141 1473 2199 ni que te obliguen mis ruegos,
942 2189 1425 2260 si no que me dés la muerte,
947 2238 1364 2302 para que acabe con esto
946 2284 1447 2340 vida de un hombre tan malo,
942 2331 1434 2403 que apenas podra ser bueno,
