1765 2512
234 302 436 340 mandando
455 313 498 338 so
514 309 646 346 cuerpo
664 310 679 345 y
702 300 793 336 alma

234 353 264 387 al
288 352 450 397 Príncipe
472 352 527 386 del
546 349 714 385 Infierno.

236 400 364 434 Puesta
386 398 416 434 la
438 409 524 444 soga
543 408 585 433 en
610 398 639 432 la
668 407 758 432 nuez

238 449 334 482 tomó
357 447 388 482 la
411 447 524 491 pluma
545 456 588 481 en
610 444 663 480 los
680 444 789 480 dedos

236 496 469 531 sus-haberes
490 494 646 541 repartió

238 544 407 583 bulando,
434 554 449 589 y
469 543 518 578 así
536 541 715 577 diciendo:

235 592 305 627 Dos
329 591 446 627 bolsas
464 602 531 636 que
552 601 609 626 me
627 590 694 624 lian
712 586 876 634 quedado

238 650 306 675 una
327 643 494 684 espuerta
518 650 535 684 y
556 649 601 674 un
626 637 757 682 talego,

236 698 253 722 a
279 690 333 722 los
362 687 603 734 despenseros
625 686 769 726 mando,

237 747 256 780 y
281 738 335 770 sin
356 735 520 771 balansas
536 746 583 771 un
607 743 705 780 peso.

237 784 344 824 Item,
370 794 458 820 unas
480 794 583 829 pesas
603 782 708 818 fallas

239 832 283 866 de
306 833 424 877 plomo
444 843 462 878 y
482 833 562 877 algo
586 833 629 866 de
650 840 768 870 acero,

238 890 306 915 una
329 890 462 925 ganzúa
486 891 501 925 y
523 880 587 916 dos
610 880 735 918 llaves,

238 937 373 975 porque
394 938 458 963 son
482 927 548 964 mis
564 927 775 963 herederos.

238 976 300 1011 Mis
323 980 411 1011 uñas
428 986 490 1012 son
514 977 720 1022 garabatos,

238 1034 259 1070 y
282 1023 336 1059 así
357 1033 423 1059 con
447 1029 553 1070 gusto
573 1025 623 1060 las
640 1024 722 1068 dejo

240 1076 258 1106 á
279 1072 331 1107 los
352 1082 422 1117 que
444 1083 571 1119 pescan
592 1071 778 1118 pescados,

240 1120 450 1156 cortadores
473 1131 490 1167 y
511 1121 681 1156 fruteros.

241 1169 328 1203 Para
355 1179 465 1214 aguar
483 1169 585 1205 leche
605 1181 622 1215 y
644 1169 803 1213 vinagre,

241 1216 372 1252 mando
391 1219 409 1252 á
431 1217 484 1253 los
506 1228 574 1263 que
598 1221 711 1253 tratan
728 1216 772 1252 de
791 1213 877 1255 ello,

240 1274 307 1300 con
329 1276 375 1300 un
396 1265 486 1301 libro
508 1267 552 1302 de
572 1265 710 1305 cocina,

240 1314 304 1348 dos
326 1323 426 1348 arcas
447 1324 466 1359 y
484 1318 606 1349 cuatro
628 1321 770 1349 cueros.

241 1361 313 1401 Oue
335 1361 473 1397 vendan
495 1362 526 1397 la
548 1362 651 1398 leche
672 1360 824 1407 aguada,

242 1420 260 1455 y
282 1410 352 1445 den
376 1420 438 1456 por
454 1410 651 1450 cuartillos,
670 1409 820 1449 medios,

241 1467 312 1503 que
330 1467 470 1503 aunque
491 1459 525 1494 lo
551 1459 665 1495 sienta
691 1457 723 1492 el
741 1457 860 1503 vulgo,

241 1507 392 1541 sacarán
412 1507 544 1542 mucho
569 1506 763 1552 provecho.

242 1554 365 1590 Echen
385 1564 429 1590 en
450 1554 482 1591 la
503 1555 584 1591 miel
604 1555 744 1594 harina,

244 1612 326 1647 para
348 1613 417 1648 que
439 1606 545 1649 tenga
566 1614 641 1639 mas
660 1611 761 1649 peso,

243 1660 262 1695 y
283 1650 314 1686 la
336 1650 463 1696 meloja
483 1661 628 1687 socorra

228 1709 260 1735 .o»
284 1699 387 1735 todos
408 1699 463 1734 los
482 1699 692 1737 buñuleros.

244 1747 392 1783 Vendan
413 1751 537 1784 turrón
560 1759 576 1793 y
603 1748 743 1794 arropía

243 1795 300 1831 los
319 1795 447 1831 chulos
465 1797 482 1831 á
504 1796 607 1832 lodos
629 1796 794 1842 tiempos,

245 1853 314 1888 que
330 1843 487 1890 jugando
507 1844 550 1881 de
565 1845 596 1880 la
618 1849 701 1884 uña,

246 1903 286 1928 se
308 1892 421 1928 hacen
441 1892 606 1929 ladrones
624 1893 798 1939 profesos.

245 1941 489 1987 Aguardiente
509 1952 529 1987 y
551 1941 726 1987 tajadillas

245 1990 384 2025 vendan
408 1989 636 2025 Galfarrones
653 1990 790 2029 necios,

248 2050 262 2083 j
284 2040 301 2073 á
321 2037 437 2073 medio
469 2038 523 2072 dia
549 2038 748 2077 aceitunas,

247 2088 265 2121 á
287 2096 372 2132 peso
391 2086 483 2122 malo
505 2097 522 2132 y
544 2086 638 2122 buen
662 2086 798 2132 precio.

246 2135 293 2170 La
313 2136 403 2181 aloja
425 2145 442 2181 y
471 2135 499 2170 la
521 2134 734 2180 carraspada

248 2186 266 2219 á
288 2185 342 2221 los
365 2183 535 2219 mortales
559 2184 589 2218 la
613 2184 707 2229 dejo,

247 2243 267 2278 y
288 2234 319 2269 la
341 2234 431 2269 Beca
454 2233 496 2267 de
518 2232 549 2267 la
573 2236 741 2276 espuerta

246 2283 266 2318 á
287 2283 425 2319 Coritos
450 2291 466 2328 y
488 2280 667 2327 Gallegos.

964 297 1038 332 Una
1065 305 1196 342 gruesa
1217 295 1261 332 de
1282 294 1504 337 escardillos,

967 356 982 391 y
1004 344 1048 380 de
1067 344 1242 379 azadones
1265 348 1427 389 prometo

963 395 979 427 á
1005 392 1106 427 todos
1126 391 1179 427 los
1204 391 1414 428 hortelanos

964 441 1008 476 de
1032 440 1186 475 Samaría
1209 451 1225 485 y
1249 440 1293 475 de
1315 439 1536 476 Marruecos.

966 488 1004 524 El
1029 489 1108 533 palo
1128 499 1193 523 con
1216 498 1287 532 que
1308 489 1324 522 á
1351 488 1397 523 mi
1416 488 1524 533 padre

967 538 1000 574 le
1019 537 1240 581 descoyunté
1261 537 1313 572 los
1336 536 1480 576 huesos,

969 585 1096 621 mando
1114 586 1130 619 á
1149 586 1252 619 lodos
1274 585 1327 619 los
1348 585 1502 620 casados

969 644 1035 669 con
1060 632 1228 668 hembras
1255 632 1299 667 do
1321 642 1408 677 poco
1428 642 1522 669 seso.

969 682 1037 718 Las
1061 682 1161 717 botas
1183 693 1196 726 y
1221 680 1272 715 las
1293 680 1460 726 espuelas

971 732 989 766 á
1011 731 1075 766 dos
1094 730 1278 765 franceses
1299 728 1477 764 cocheros

969 789 988 824 y
1005 779 1021 813 á
1044 789 1088 814 un
1109 778 1260 813 cómilre
1283 777 1327 812 de
1357 776 1478 823 galera

969 833 1093 862 cuatro
1113 827 1242 870 látigos
1264 825 1307 861 de
1325 835 1448 860 cuero.

969 874 1073 915 Item,
1092 875 1221 910 mando
1240 873 1258 909 á
1281 873 1334 909 los
1355 873 1547 919 verdugos,

969 933 1037 969 que
1056 924 1239 968 ahorquen
1259 931 1324 957 con
1352 921 1480 957 mucho
1497 930 1596 962 aseo,

969 982 987 1017 y
1013 982 1078 1007 con
1107 971 1238 1017 arrojo,
1256 979 1344 1016 pues
1365 969 1487 1005 tienen

970 1029 1014 1054 en
1035 1020 1080 1054 mí
1104 1030 1148 1054 un
1170 1027 1303 1065 seguro
1321 1021 1492 1053 maestro.

969 1067 1040 1103 Dos
1062 1067 1164 1103 redes
1186 1067 1295 1103 falsas
1316 1076 1335 1111 y
1359 1069 1470 1105 rotas,

968 1115 1041 1151 seis
1062 1120 1169 1152 cañas
1194 1126 1260 1151 con
1282 1124 1347 1150 sus
1370 1114 1551 1154 anzuelos,

971 1174 1040 1209 que
1059 1163 1192 1210 guardé
1211 1164 1280 1199 mal
1302 1161 1525 1208 adquiridas,

970 1212 1195 1249 valiéndome
1216 1212 1260 1248 de
1287 1211 1321 1246 lo
1342 1221 1472 1256 ageno,

970 1261 1100 1296 mando
1120 1262 1137 1296 á
1160 1260 1260 1296 todos
1283 1260 1336 1294 los
1357 1259 1513 1300 ociosos,

972 1319 1042 1354 que
1064 1309 1263 1344 flemáticos
1288 1318 1306 1352 y
1326 1307 1447 1343 necios

971 1368 1011 1393 se
1034 1368 1098 1393 van
1122 1358 1138 1392 á
1162 1366 1289 1404 pescar
1311 1356 1363 1391 las
1384 1356 1509 1391 fiestas

971 1416 1036 1441 con
1060 1406 1168 1444 soles,
1191 1415 1303 1451 aguas
1328 1415 1345 1449 y
1363 1404 1517 1440 vientos.

973 1454 1054 1489 Esta
1078 1454 1196 1489 túnica
1229 1464 1298 1499 que
1316 1452 1421 1492 visto,

973 1504 992 1538 é
1014 1502 1269 1548 injustamente
1291 1511 1414 1547 poseo,

974 1550 1006 1585 la
1028 1551 1108 1596 dejo
1131 1559 1211 1595 para
1243 1558 1368 1584 casaca

974 1599 991 1633 á
1015 1608 1059 1634 un
1080 1597 1191 1644 gordo
1212 1597 1456 1643 bodegonero.

975 1645 1016 1682 El
1039 1645 1166 1683 báculo
1196 1656 1240 1682 en
1263 1656 1333 1691 que
1354 1655 1410 1680 me
1429 1643 1573 1685 arrimo,

974 1704 1037 1740 por
1058 1706 1116 1732 ser
1135 1694 1235 1741 largo
1257 1704 1274 1740 y
1292 1693 1374 1740 algo
1395 1703 1541 1739 grueso,

975 1742 1136 1780 divídase
1160 1753 1204 1779 en
1222 1743 1288 1778 dos
1311 1741 1493 1778 bordones

975 1801 1058 1836 para
1078 1802 1122 1828 un
1144 1791 1238 1837 cojo,
1260 1801 1280 1836 y
1299 1799 1382 1835 para
1404 1800 1448 1825 un
1473 1792 1604 1824 tuerto.

974 1839 1058 1877 Esta
1075 1839 1172 1887 larga
1201 1839 1394 1878 cabellera,

978 1898 1048 1934 que
1070 1888 1200 1925 heredé
1221 1888 1264 1923 de
1289 1886 1356 1923 mis
1373 1885 1531 1926 abuelos;

978 1938 1160 1983 repártase
1182 1947 1224 1972 en
1244 1936 1309 1971 dos
1330 1934 1479 1981 pelucas

978 1996 1062 2031 para
1084 1986 1147 2021 dos
1167 1985 1283 2020 lindos
1304 1983 1360 2019 del
1387 1984 1532 2027 tiempo.

979 2033 1054 2070 Una
1074 2037 1205 2072 estera,
1230 2044 1247 2078 y
1268 2032 1333 2067 dos
1359 2029 1570 2076 banquillos,

980 2084 999 2118 á
1020 2093 1065 2118 un
1085 2081 1273 2118 saludador
1294 2082 1460 2125 entrego,

980 2141 1000 2177 y
1019 2130 1049 2166 si
1069 2130 1168 2166 fuere
1188 2132 1341 2167 muerto,
1360 2137 1445 2173 pase

980 2181 997 2214 á
1018 2189 1062 2214 un
1086 2178 1269 2214 tornillero
1288 2181 1470 2221 sargento.

978 2230 1023 2264 La
1041 2237 1119 2263 vara
1141 2236 1205 2263 con
1234 2236 1302 2271 que
1328 2225 1457 2264 media,

979 2285 1120 2322 aunque
1141 2275 1172 2312 le
1195 2275 1303 2311 falten
1326 2280 1398 2311 tres
1421 2272 1545 2314 dedos,
