1737 2508
178 250 197 286 y
214 239 247 276 el
270 239 382 275 Señor
400 240 454 276 les
473 239 544 286 dijo
562 243 750 277 entonces:

177 298 241 334 ego
261 298 353 328 sum,
378 299 396 334 y
418 299 456 324 se
484 289 583 324 caían

178 346 223 371 en
247 336 352 371 tierra
382 336 484 372 todos
503 335 704 381 postrados,

179 394 248 428 que
272 394 437 420 moverse
454 394 499 420 no
512 385 655 430 podían.

177 431 299 467 Rióles
320 432 353 467 el
374 433 486 468 Señor
515 433 679 475 licencia,

177 490 198 524 y
220 490 286 515 con
302 480 333 515 la
355 485 440 516 saña
461 481 626 527 maligna,

178 527 333 563 foriosos
361 529 608 573 aprisionaron

179 576 211 611 al
227 576 409 612 Redentor
431 577 474 612 de
490 578 520 613 la
539 577 631 614 vida.

179 624 208 658 A
230 624 344 669 palos,
377 626 393 659 á
413 626 634 670 puntillones

179 682 198 717 y
221 673 238 706 á
261 672 411 716 patadas
445 674 479 708 lo
501 674 680 716 derriban;

179 720 214 755 lo
236 725 359 755 alaron
383 721 425 756 de
451 723 525 766 pies
553 734 571 768 y
592 734 729 764 manos,

178 768 360 813 juzgando
381 780 419 805 se
457 771 510 805 les
530 770 608 811 iría,

181 827 200 860 y
221 817 424 852 llevándolo
463 819 706 859 arrastrando,

184 863 286 898 háeia
308 865 339 899 la
362 864 491 902 ciudad
521 868 685 903 caminan

182 921 250 947 con
275 913 437 958 algazara
459 926 477 959 y
497 916 707 956 estruendo,

182 970 249 994 con
266 970 374 997 voces
394 973 412 1008 y
427 963 587 1008 gritería.

181 1007 318 1044 Entran
344 1019 387 1045 en
409 1011 612 1053 Jerusalen,

181 1065 201 1100 y
219 1066 282 1100 por
300 1057 468 1094 balcones
488 1071 506 1104 y
525 1059 709 1105 esquinas,

182 1113 248 1148 por
267 1110 411 1149 puertas
433 1118 452 1152 y
473 1117 537 1152 por
561 1112 735 1144 ventanas

182 1162 275 1187 unos
290 1153 307 1187 á
340 1157 439 1189 otros
475 1166 514 1191 se
535 1156 660 1192 decían

181 1209 223 1244 ya
247 1201 323 1235 está
345 1201 429 1247 aquí
465 1203 497 1238 el
518 1204 732 1244 fasineroso,

183 1248 216 1283 el
237 1258 307 1294 que
326 1259 365 1285 se
385 1250 485 1286 hacia
514 1251 659 1287 Mesías.

185 1295 230 1331 Se
257 1297 291 1331 lo
323 1302 517 1343 presentan
539 1301 556 1335 á
578 1301 687 1340 Anás,

182 1353 204 1390 y
220 1344 238 1378 á
262 1344 389 1386 Cristo,
411 1357 474 1393 por
494 1358 533 1383 su
552 1348 715 1383 doctrina

184 1402 204 1437 y
225 1391 425 1439 discípulos
446 1400 633 1441 pregunta;

183 1450 204 1485 y
238 1441 271 1476 el
294 1441 449 1478 Cordero
472 1443 526 1478 sin
548 1443 712 1479 mancilla

185 1488 244 1524 dió
267 1500 334 1526 una
372 1491 509 1527 sumisa
531 1496 733 1537 respuesta.

184 1536 238 1572 Un
263 1538 398 1573 traidor
420 1549 488 1574 con
517 1550 619 1575 mano
640 1540 758 1574 inicua

184 1584 245 1620 dió
262 1589 280 1620 á
302 1586 418 1621 Cristo
439 1587 486 1622 tal
507 1587 685 1628 bofetada,

184 1642 256 1678 que
272 1633 305 1670 le
327 1635 433 1670 cruzó
450 1635 481 1670 la
504 1636 660 1681 megilla.

183 1682 230 1717 Se
251 1682 533 1719 estremecieron
555 1684 610 1719 los
632 1682 759 1723 cielos,

183 1740 204 1775 y
229 1730 263 1765 el
281 1730 464 1766 Redentor
484 1732 517 1766 le
548 1732 662 1767 decia:

184 1787 229 1813 en
249 1788 318 1824 que
343 1779 462 1814 ofendí
486 1784 520 1815 tu
542 1788 710 1824 persona,

184 1836 254 1871 que
269 1826 322 1862 asi
336 1828 522 1863 maltratas
548 1828 579 1864 la
601 1827 688 1864 mia?

182 1874 300 1910 Sufrió
322 1874 383 1910 allí
404 1876 436 1911 el
457 1875 570 1911 Señor
586 1876 648 1911 mil
668 1875 806 1915 burlas,

183 1933 203 1968 y
225 1923 321 1958 Anás
337 1924 444 1970 luego
462 1923 662 1960 determina

184 1981 224 2006 se
241 1971 275 2007 lo
302 1971 420 2008 lleven
446 1972 464 2007 á
485 1972 611 2013 Caifás,

184 2028 249 2063 por
270 2030 332 2055 ver
347 2020 380 2055 lo
403 2030 473 2065 que
491 2020 524 2056 él
543 2021 657 2057 haría.

183 2067 233 2102 Le
255 2068 390 2104 recibió
412 2078 493 2113 muy
515 2073 664 2114 gustoso

183 2125 274 2160 pues
292 2116 449 2152 deseado
471 2117 504 2151 lo
521 2117 637 2159 había;

183 2173 205 2208 y
225 2163 244 2198 á
260 2164 367 2200 Jesús
391 2165 424 2200 le
447 2167 639 2210 preguntó,

186 2221 256 2256 que
277 2213 370 2248 siera
391 2213 424 2249 él
443 2213 475 2249 el
495 2214 639 2254 Mesías,

186 2261 373 2308 conjuróle
395 2271 459 2308 por
478 2261 561 2299 Dios
588 2261 685 2304 vivo,

900 248 919 283 y
935 238 968 273 el
983 237 1096 275 Señor
1113 238 1145 273 le
1177 237 1384 284 respondía:

899 285 938 321 tú
958 286 992 321 lo
1013 286 1078 322 has
1099 285 1218 327 dicho,
1257 298 1273 332 y
1296 295 1438 331 muyen
1464 284 1576 321 brave

900 338 1004 369 entre
1035 335 1149 370 nubes
1175 334 1193 369 á
1209 334 1242 370 la
1263 335 1356 369 vista

901 382 1064 418 tendréis
1087 383 1117 417 al
1136 383 1214 427 Hijo
1236 382 1293 417 del
1305 381 1475 417 Hombre.

900 429 1126 466 Rlasfemado
1161 430 1218 470 ha,
1243 430 1379 475 repetía

899 477 1026 514 Caifás:
1047 489 1116 524 que
1133 479 1293 524 esperáis
1318 488 1395 514 mas
1426 475 1577 524 prueba?

902 526 978 561 Una
1006 527 1124 563 criada
1154 527 1269 562 decia:

902 575 1004 610 venis
1022 586 1089 611 con
1107 575 1139 610 el
1155 574 1382 611 embustero?

902 623 920 657 á
934 623 1095 669 Pedro,y
1115 622 1148 658 él
1169 622 1380 669 respondía;

901 681 947 706 no
965 672 1010 707 he
1026 671 1199 707 conocido
1221 671 1268 707 tal
1289 670 1454 711 hombre,

902 729 923 763 y
943 719 1051 765 luego
1063 719 1094 755 el
1116 720 1210 765 gallo
1232 719 1264 755 le
1292 718 1406 755 avisa.

900 765 993 812 Cayó
1008 769 1076 804 San
1098 768 1210 804 Pedro
1229 778 1274 803 en
1293 778 1336 803 su
1361 776 1479 814 yerro,

904 828 923 862 y
941 816 1103 852 llorando
1128 827 1168 852 se
1197 816 1284 851 salía

903 865 1021 900 hecho
1044 875 1107 900 sus
1128 864 1204 910 ojos
1221 863 1287 899 dos
1306 863 1470 903 fuentes,

905 913 971 949 dos
990 913 1135 949 canales
1151 911 1406 957 susmegillas.

905 962 933 997 A
949 961 1060 997 Pilato
1074 961 1105 997 al
1122 960 1234 996 Señor
1246 960 1378 1000 llevan,

905 1020 926 1056 y
946 1013 1025 1045 este
1042 1020 1084 1046 su
1098 1008 1282 1044 inocencia
1301 1008 1409 1048 vista,

905 1057 1080 1093 sabiendo
1103 1067 1162 1092 ser
1184 1056 1335 1096 Galileo,

904 1105 934 1142 al
952 1116 1010 1152 rey
1025 1105 1188 1142 Herodes
1209 1105 1243 1140 lo
1264 1104 1380 1143 envia;

904 1154 1008 1200 quiso
1033 1154 1169 1189 hiciera
1190 1153 1298 1198 algún
1320 1151 1489 1198 milagro,

904 1213 981 1238 mas
1002 1202 1116 1238 Cristo
1152 1211 1198 1237 no
1225 1199 1434 1246 respondía.

906 1250 956 1286 Le
984 1250 1077 1286 trató
1098 1250 1131 1285 al
1157 1250 1204 1285 fin
1225 1258 1328 1284 como
1349 1248 1430 1284 loco

910 1309 976 1334 con
1004 1298 1188 1333 vestidura
1219 1296 1385 1336 ridicula,

910 1358 929 1393 y
950 1348 968 1382 á
997 1347 1109 1382 Pilato
1141 1346 1174 1381 lo
1196 1345 1384 1384 devuelve,

907 1405 1043 1440 porque
1059 1394 1194 1430 hiciera
1213 1394 1256 1429 de
1274 1394 1306 1429 él
1320 1392 1481 1438 justicia.

906 1443 978 1478 Mas
1005 1443 1136 1478 viendo
1158 1443 1189 1478 el
1205 1442 1286 1488 juez
1311 1452 1352 1477 su
1375 1439 1580 1480 inocencia,

906 1491 1091 1527 libertarle
1116 1491 1331 1530 determina,

906 1540 1011 1585 quiso
1033 1539 1132 1574 darle
1152 1538 1357 1584 corregido,

905 1598 925 1633 y
942 1588 981 1623 lo
1004 1586 1155 1633 entregó
1167 1587 1185 1622 á
1203 1586 1344 1633 aquella
1365 1584 1485 1621 inicua

907 1636 927 1671 é
945 1635 1138 1671 inhumana
1155 1640 1264 1681 gente
1281 1645 1383 1680 suya,

908 1694 978 1729 que
1009 1695 1051 1720 su
1072 1694 1202 1729 corage
1223 1683 1433 1728 desquitan.

909 1732 979 1768 Con
1001 1743 1069 1768 una
1091 1735 1248 1777 púrpura
1270 1731 1361 1776 vieja

908 1780 981 1826 Rey
1003 1781 1047 1816 de
1073 1781 1166 1816 farsa
1183 1781 1216 1816 lo
1251 1780 1436 1825 publican,

906 1838 973 1864 con
996 1839 1064 1864 una
1083 1832 1169 1864 caña
1189 1839 1234 1864 en
1253 1829 1285 1864 la
1314 1838 1436 1868 mano,

905 1887 926 1922 y
942 1888 983 1912 su
1005 1880 1107 1912 santa
1127 1877 1195 1912 Faz
1216 1876 1361 1913 ceñida.

905 1925 954 1960 Su
975 1936 1074 1961 sacra
1104 1925 1212 1961 barba
1235 1925 1269 1961 le
1288 1934 1428 1966 mesan,

908 1973 951 2009 de
968 1974 1024 2010 los
1040 1974 1200 2009 cabellos
1222 1974 1254 2009 le
1277 1973 1384 2013 tiran,

907 2021 1167 2067 escupiéndole
1184 2031 1227 2058 en
1250 2021 1282 2057 el
1300 2024 1434 2062 rostro,

909 2080 927 2114 y
945 2069 1126 2105 doblando
1154 2070 1186 2105 la
1216 2069 1359 2110 rodilla;

909 2128 1012 2154 como
1037 2119 1055 2153 á
1073 2118 1147 2164 Rey
1174 2118 1205 2154 le
1246 2118 1460 2159 saludaban,

909 2176 928 2211 y
946 2167 977 2202 al
995 2166 1093 2202 darle
1122 2167 1262 2212 golpes,
1293 2166 1432 2208 decían;

910 2215 1051 2251 adivina
1069 2216 1177 2259 quien
1205 2219 1240 2251 te
1266 2214 1337 2255 dió;

910 2263 941 2298 si
962 2273 1043 2300 eres
1064 2262 1194 2307 Cristo,
1218 2262 1391 2310 profetiza
