1737 2508
1110 235 1350 283 Núm. 157
174 1429 1170 1480 LA SAMARITANA.
515 1579 1099 1632 EXORTACION
94 1703 1496 1758 Para que vengan á verdadero conocimiento de si mismas las Samaritanas
170 1760 1435 1812 del siglo presente, y olviden las cosas mundanas, á ejemplo de
587 1816 1019 1860 lo que aqui se sigue.
148 2039 675 2082 Un viernes partió el Señor
107 2091 603 2130 á la ciudad de Samaria,
108 2136 723 2178 y antes de entrar en poblado
109 2188 543 2225 el calor le fatigaba,
115 2234 765 2275 mas á un pozo que alli habia,
96 2283 720 2325 derecho á él se encaminaba;
832 2033 1363 2071 sobre el brocal recostóse
834 2083 1378 2121 como que cansado estaba;
836 2130 1254 2167 al punto vido venir
832 2179 1392 2216 á la misma que esperaba
831 2227 1456 2266 con un cántaro en la mano,
826 2276 1281 2318 y era la Samaritana;
