1765 2512
522 254 1261 357 DEGXflUS

216 489 285 523 en
329 471 406 521 las
449 485 553 534 que
598 484 654 518 se
707 467 1008 518 esclarecen
1061 464 1137 513 las
1178 461 1415 526 ventajas
1452 474 1555 525 que

348 541 588 591 difrutan
634 539 712 588 los
762 535 980 586 casados
1023 549 1124 583 con
1173 545 1422 594 mugeres

770 607 1006 657 bonitas.

233 783 305 816 Con
320 791 389 816 una
404 790 520 823 muger
535 778 651 812 bonita

189 829 278 861 tiene
295 836 342 860 un
358 826 491 859 hombre
510 832 557 857 un
570 829 780 864 mayorazgo,

187 873 242 905 sin
254 880 325 904 mas
340 870 469 912 trabajo
486 878 549 911 que
566 868 702 900 hacerse

189 926 237 949 un
254 925 336 959 poco
356 915 388 948 el
407 912 627 948 disimulado.

234 1004 284 1036 Yo
303 1002 379 1036 nací
398 999 646 1035 desventurado

192 1048 234 1081 de
251 1048 281 1080 la
306 1047 448 1089 pobreza
465 1054 508 1078 en
526 1044 559 1078 el
576 1052 672 1080 seno;

192 1101 265 1125 mas
288 1100 386 1124 como
403 1091 434 1123 lo
455 1089 543 1122 malo
559 1097 577 1130 y
593 1088 705 1121 bueno

192 1134 265 1169 está
284 1144 327 1168 en
344 1135 375 1168 el
395 1133 521 1168 mundo
538 1130 723 1169 mezclado,

193 1180 224 1212 la
241 1180 374 1212 fortuna
392 1187 446 1211 me
461 1177 503 1210 lia
525 1174 687 1216 halagado

195 1224 237 1257 de
257 1231 322 1256 una
337 1230 476 1255 manera
492 1219 665 1262 esquisita:

195 1276 294 1301 como
320 1267 383 1299 ella
410 1264 462 1303 dá,
486 1274 503 1305 y
519 1264 583 1297 ella
598 1262 703 1305 quita,

197 1321 253 1344 me
264 1308 352 1353 legó,
379 1309 397 1342 á
415 1309 462 1342 mi
478 1309 508 1341 la
523 1307 695 1350 probreza;

197 1364 278 1398 pero
297 1364 352 1387 me
374 1352 428 1387 dió
455 1362 528 1385 mas
544 1351 680 1393 riqueza

199 1409 259 1432 con
270 1407 337 1431 una
361 1397 470 1439 mujer
486 1395 612 1429 bonita.

243 1441 345 1475 Dirán
364 1442 413 1474 los
438 1439 595 1473 hombres
616 1447 681 1481 que
703 1446 759 1479 soy

201 1487 321 1520 nacido
341 1495 381 1518 en
399 1483 496 1526 signo
516 1486 680 1521 cabruno,

202 1529 424 1572 Capricornio,
444 1528 522 1561 todo
539 1536 574 1560 es
588 1535 668 1564 uno,

201 1584 273 1608 mas
296 1583 335 1616 yo
359 1582 423 1616 voy
448 1572 465 1605 á
487 1573 518 1605 lo
544 1580 610 1613 que
629 1579 705 1612 voy;

203 1627 331 1661 porque
357 1626 398 1650 en
422 1616 453 1649 el
478 1617 530 1649 dia
556 1615 597 1648 de
621 1614 685 1655 boy

204 1671 248 1695 no
277 1661 377 1695 sudar
403 1669 438 1694 es
454 1669 499 1693 un
519 1659 684 1700 hallazgo;

204 1706 252 1738 mi
280 1714 356 1739 casa
379 1714 415 1738 es
435 1713 535 1737 como
569 1712 617 1736 un
636 1703 807 1744 portazgo;

205 1759 288 1792 paga
310 1748 387 1782 todo
409 1748 439 1782 el
460 1757 525 1790 que
547 1749 643 1780 entra
660 1754 703 1778 en
723 1745 801 1781 ella;

207 1794 247 1832 si,
266 1802 329 1827 con
349 1802 417 1826 una
434 1801 553 1834 muger
566 1791 652 1824 bella

205 1838 296 1870 tiene
312 1847 357 1869 un
374 1836 508 1869 hombre
523 1845 570 1868 un
584 1841 796 1876 mayorazgo.

252 1881 450 1923 Cualquiera
471 1888 536 1922 que
555 1879 639 1920 haya
654 1876 773 1909 nacido

208 1925 249 1958 de
266 1926 296 1958 la
312 1925 444 1957 fortuna
462 1923 625 1959 mimado,

209 1978 253 2002 no
270 1966 446 2011 apetecerá
462 1967 508 2000 mi
529 1966 658 2001 estado:

210 2018 282 2046 esto
300 2022 335 2046 es
350 2021 428 2054 muy
445 2011 552 2044 cierto
577 2020 595 2051 y
609 2008 735 2043 sabido:

212 2056 361 2090 también
379 2065 418 2098 yo
433 2055 574 2089 hubiera
591 2053 732 2096 querido

212 2110 255 2133 en
277 2101 323 2133 tal
341 2099 456 2133 estado
473 2108 588 2132 nacer:

212 2154 255 2178 en
279 2144 309 2178 el
330 2153 365 2177 se
384 2152 425 2177 ve
444 2142 631 2176 establecer

212 2189 245 2221 la
261 2191 372 2222 suerte
395 2196 465 2220 mas
482 2189 664 2220 venturosa

215 2233 257 2265 de
277 2241 342 2265 una
360 2231 453 2274 prole
470 2239 663 2266 numerosa,

214 2277 269 2309 sin
288 2286 359 2309 mas
379 2275 508 2317 trabajo
527 2284 591 2318 que
612 2274 724 2308 hacer.

958 773 1025 805 Mas
1039 781 1076 813 ya
1092 781 1158 814 que
1171 769 1277 813 pobre
1294 766 1382 804 nací,

916 815 1104 860 aprovechó
1126 816 1154 849 la
1178 813 1313 848 ocasión

917 870 983 904 que
998 869 1041 892 no
1059 858 1094 892 és
1109 860 1219 893 fuerza
1244 857 1284 890 de
1301 865 1401 890 razón

920 913 1099 947 querermo
1116 913 1154 945 yo
1172 902 1285 944 propio
1302 900 1319 934 á
1339 900 1397 934 mi:

917 950 949 982 lo
969 949 1075 981 honra
1094 957 1136 981 en
1156 948 1188 980 el
1205 946 1257 979 dia
1272 955 1307 978 es
1327 954 1369 978 en
1387 943 1414 976 sí

918 1003 965 1026 un
993 991 1092 1025 titulo
1118 1000 1197 1032 muy
1216 989 1366 1032 gastado;

921 1047 937 1079 y
954 1046 993 1078 yo
1017 1035 1090 1068 vivo
1114 1033 1288 1077 reposado,

921 1081 1015 1123 logro
1033 1087 1147 1113 comer
1172 1088 1190 1120 y
1207 1077 1322 1114 beber,

920 1125 972 1157 sin
990 1128 1064 1158 otra
1084 1132 1160 1157 cosa
1175 1131 1241 1164 que
1257 1121 1360 1154 hacer

920 1179 967 1201 un
981 1177 1063 1211 poco
1088 1166 1119 1200 el
1136 1165 1358 1199 disimulado.

1208 1252 1338 1286 OTRAS

970 1344 1075 1376 Dama
1090 1352 1154 1386 que
1170 1350 1251 1384 pase
1268 1340 1310 1373 de
1325 1339 1436 1373 veinte

926 1398 947 1429 y
964 1397 1005 1420 no
1028 1387 1057 1419 le
1073 1386 1195 1420 saliese
1215 1394 1261 1418 un
1281 1384 1392 1422 novio,

928 1431 1003 1464 bien
1020 1431 1049 1463 le
1066 1431 1175 1472 puede
1191 1438 1234 1471 ya
1257 1429 1289 1460 ir
1309 1427 1457 1461 echando

926 1485 997 1509 una
1018 1474 1107 1508 llave
1122 1474 1143 1507 á
1161 1484 1201 1507 su
1219 1472 1407 1506 escritorio.

973 1564 1022 1596 En
1039 1572 1125 1596 vano
1144 1564 1266 1595 señora
1293 1561 1414 1595 Juana,

930 1617 966 1640 es
984 1607 1014 1641 el
1028 1607 1185 1640 brillante
1207 1605 1352 1643 arrebol,

933 1652 962 1684 la
991 1651 1131 1694 pomada
1152 1660 1168 1691 y
1184 1649 1318 1683 alcohol

932 1705 996 1728 con
1014 1704 1081 1736 que
1094 1703 1133 1727 su
1148 1697 1259 1727 rostro
1276 1691 1458 1734 engalana;

933 1749 989 1772 esa
1013 1740 1074 1771 flor
1099 1747 1137 1780 ya
1165 1747 1208 1771 no
1224 1746 1258 1771 es
1288 1740 1476 1776 temprana,

934 1784 967 1816 ni
983 1793 1021 1817 su
1039 1782 1150 1816 colera
1168 1791 1203 1815 es
1219 1780 1388 1815 naciente,

934 1837 953 1868 y
977 1836 1020 1860 en
1036 1830 1108 1859 este
1124 1826 1208 1868 siglo
1230 1834 1266 1859 es
1284 1823 1456 1858 corriente

937 1880 1012 1904 cosa
1031 1880 1109 1912 muy
1125 1869 1341 1912 averiguada,

936 1924 1002 1957 que
1022 1914 1073 1947 sin
1091 1913 1203 1953 novio,
1222 1922 1258 1946 es
1270 1910 1418 1954 juvilada

939 1960 1038 1992 dama
1052 1965 1114 2000 quépase
1221 1957 1262 1989 de
1283 1955 1407 1988 veinte.

984 2001 1060 2035 Está
1076 2006 1132 2035 tan
1156 2000 1354 2035 adelantada

939 2047 971 2080 la
987 2046 1136 2080 humana
1156 2043 1372 2087 generación,

941 2091 971 2123 el
996 2099 1091 2124 amor
1110 2092 1167 2123 tan
1182 2099 1222 2122 en
1244 2087 1374 2125 acción,

943 2135 972 2166 la
991 2134 1104 2177 pasión
1132 2136 1189 2166 tan
1208 2131 1375 2168 desalada,

943 2187 1009 2221 que
1030 2178 1082 2210 sin
1105 2179 1290 2210 aventurar
1306 2174 1405 2211 nada,

943 2231 980 2255 es
1000 2232 1046 2256 un
1070 2223 1271 2263 argumento
1299 2218 1407 2254 obrio,

945 2275 1009 2309 que
1036 2266 1075 2300 de
1100 2265 1127 2299 si
1151 2265 1272 2299 misma
1299 2273 1333 2297 es
1358 2260 1494 2305 aprobio
