1765 2512
174 298 225 349 2
137 357 631 400 que estaba todo bordado
135 405 713 448 de letras de oro fino y terso,
131 454 665 502 y unas letras que decian:
138 502 623 544 soy de la hija de Venus.
143 551 673 591 Confuso quedé al mirarlo;
134 596 713 640 y discurriendo que el dueño
135 650 561 688 mas arriba quedaría,
133 696 705 743 y que era muger es cierto,
141 745 627 785 sigo la fresca corriente;
140 791 639 835 donde á pocos pasos veo
143 840 639 886 que entretenida la dama
141 891 605 932 estaba con un pañuelo,
144 936 685 979 mojandolo en la corriente.
140 984 652 1027 Helado quedé y suspenso
149 1034 629 1075 al ver tan rara belleza
149 1081 684 1123 sola en aquellos desiertos:
145 1129 719 1171 ocultéme entre unos ramos,
147 1178 713 1220 cuando vide, por lo menos,
155 1226 733 1270 que era la dama de prendas;
147 1275 685 1320 y á medio ceñir el cuerpo
155 1324 585 1365 tenia una mantellina
155 1372 645 1413 de muy rico terciopelo,
147 1418 753 1465 y una capa pies de damasco,
157 1467 723 1511 y de plumage un sombrero.
157 1515 679 1558 Levántase empie la dama
155 1563 767 1605 dió una vuelta, y echó menos
155 1613 641 1655 el guante que yo tenia:
159 1662 722 1704 siguió la márgen de presto,
163 1710 631 1754 y llegando junto á mí,
159 1756 729 1803 yo salgo de entre lo espeso:
163 1805 643 1848 helada quedó de verme:
171 1853 663 1896 y dice ¡Valgame el cielo!
163 1900 831 1943 Si acaso habrá quien me ampare,
168 1951 645 1994 hagalo usted caballero.
175 1997 687 2040 Yo le dije hermosa dama
171 2047 717 2090 encanto de estos desiertos,
175 2096 723 2141 pasmo de estas soledades,
169 2142 715 2192 yo de estas selvas lucero,
169 2188 792 2242 ¿que hacéis sola en este sitio?
187 2246 611 2284 Y me dijo caballero,
853 340 1295 385 siéntate y te contaré
855 387 1453 432 mi tragedia en breve tiempo,
862 435 1476 479 porque estás en gran peligro.
863 488 1299 527 Y te digo lo primero,
863 533 1321 576 como en Córdoba nací:
858 581 1441 626 y es mi Padre un caballero,
869 628 1435 670 tan noble, pues, que venera
871 676 1415 719 la encomienda de Carrero.
866 725 1429 767 Tiene mi Padre una Quinta,
867 771 1411 816 cuatro leguas poco menos
869 821 1463 864 de Cordoba, en unos montes,
867 870 1369 916 y situada en lo espeso,
874 917 1445 962 de la gran Sierra—Morena,
871 965 1475 1010 que este es mi comun paseo.
873 1013 1399 1058 Saliendo, pues, una tarde
871 1062 1391 1106 alegre á tomar el fresco,
875 1111 1347 1155 y llevando dos criados,
873 1157 1401 1202 llegamos en breve tiempo
875 1207 1429 1250 no muy lejos de la Quinta;
879 1252 1407 1299 cuando de repente vemos
884 1300 1472 1349 que estaba junto á nosotros
889 1350 1457 1394 un brabo animal sangriento,
880 1401 1297 1443 un Oso, cuya cabeza
889 1447 1363 1492 causaba temor el verlo:
889 1496 1395 1540 los tres caimos en tierra;
881 1542 1487 1588 y cuando volví en mi acuerdo
891 1592 1457 1636 me halle en estas espesuras
889 1640 1401 1685 sin que tuviese remedio:
888 1689 1371 1734 y para que me alimente
888 1737 1423 1783 me trae líquidos y tersos
893 1786 1348 1832 panales de miel y cera
895 1833 1395 1882 y con ellos me alimento.
891 1883 1435 1927 Esto es lo que me sucede;
895 1932 1424 1977 y ahora por Dios te ruego
903 1979 1451 2026 que te apártes del peligro,
904 2026 1486 2072 porque si viene el sangriento
903 2078 1423 2120 bruto, y contigo me haya,
904 2125 1393 2169 te dará la muerte luego:
906 2170 1517 2215 vé á mi casa, y á mis Padres
900 2223 1377 2266 dá el referido suceso.
