1612 2285
32 181 175 211 Promete
189 179 217 210 la
240 177 338 217 gloria
350 179 387 210 de
404 188 465 210 una
482 179 655 210 eternidad.

202 218 295 249 Venid
307 218 325 249 á
340 228 441 250 rezar,
464 221 520 249 etc.

31 261 93 291 Son
109 258 210 290 saétas
221 259 267 290 las
281 259 480 293 Ave-Marías,

31 302 95 337 Que
110 299 126 329 á
144 300 257 330 Luzbel
272 308 387 330 causan
405 300 510 333 herida
525 301 649 336 mortal;

30 341 55 371 Y
70 349 125 371 son
141 340 236 371 llaves
255 349 316 379 que
331 340 360 370 el
375 340 493 371 abismo
515 340 648 377 cierran,

700 178 724 208 Y
739 177 767 208 el
782 177 859 209 cielo
876 187 931 209 nos
947 179 1042 209 abren
1059 187 1131 217 para
1147 178 1294 209 descansa

869 219 952 249 Salid
967 219 1014 249 sin
1032 219 1147 249 tardar:

702 259 766 296 Que
776 258 964 298 impaciente
983 268 1017 290 os
1035 267 1140 298 espera
1155 259 1183 289 la
1195 259 1324 294 Aurora,

695 300 824 330 Gustosa
838 300 876 330 de
896 300 977 330 oíros
1000 309 1052 330 sus
1067 299 1178 337 glorias
1199 302 1320 330 cantar.

863 339 959 371 Venid
976 340 995 371 á
1020 349 1122 374 rezar,
1144 341 1200 370 etc.

320 442 450 476 OTRAS
469 442 622 476 COPLAS
640 442 692 475 AL
709 442 833 476 MISMO
851 442 1039 476 INTENTO.

28 551 69 580 Ya
84 550 246 589 Domingo,
264 553 405 589 promete
421 558 584 583 azucenas,

27 591 181 621 Jazmines
197 600 211 629 y
227 591 310 621 lirios
329 592 432 622 ofrece
447 590 574 625 Tomás;

28 632 164 661 Catalina
182 634 323 670 presenta
340 632 383 662 las
400 640 496 667 rosas,

27 672 52 702 Y
64 680 117 701 san
138 673 189 701 Fio
208 672 321 708 Quinto
334 672 361 702 la
381 671 484 710 gracia
501 672 544 701 les
561 670 609 701 dá.

68 711 144 743 Miró
163 713 240 742 Juan
259 714 273 742 ó
295 716 359 743 esta
374 712 471 743 Reina
484 711 593 742 Divina

27 753 151 783 Vestida
168 762 183 791 y
196 753 337 783 hermosa
348 754 417 784 cual
428 761 515 791 rayos
534 752 582 782 del
596 752 652 786 sol;

26 794 183 824 Coronada
200 802 234 823 su
250 794 350 823 frente
366 795 403 824 de
420 793 570 828 estrellas,

25 834 50 863 Y
68 834 105 864 de
125 834 151 863 la
171 835 221 864 luz
234 834 345 864 blanca
362 835 408 865 los
422 833 486 872 pies
504 833 533 863 la
553 831 651 863 calzó.

67 875 102 905 Al
128 874 237 904 balcón
255 875 292 904 de
316 875 360 904 los
380 875 474 905 cielos
497 883 529 904 se
550 881 655 904 asoma

24 915 63 944 La
76 916 193 945 Aurora
206 915 353 945 brillante
363 924 419 946 con
432 918 530 945 rostro
543 912 650 952 gentil,

24 956 49 985 Y
65 956 92 985 la
112 956 267 994 aplauden
286 955 568 989 dulcísimamente,

24 996 172 1026 Batiendo
195 1005 246 1026 sus
267 996 329 1026 alas
346 996 490 1027 avecillas
507 995 579 1027 mil.

66 1037 103 1066 Es
118 1035 210 1066 María
228 1037 256 1067 el
277 1037 380 1067 divino
405 1040 549 1074 portento

25 1076 89 1112 Que
104 1077 171 1116 deja
195 1078 324 1107 confusa
340 1077 368 1107 la
390 1077 526 1107 humana
545 1083 650 1111 razón;

23 1118 143 1156 Porque
169 1117 275 1148 siendo
298 1117 335 1148 de
352 1117 422 1148 Dios
445 1118 506 1156 hija
530 1117 651 1151 amada;

23 1158 60 1188 Se
70 1157 199 1188 humilla
208 1156 418 1189 áservirnosla
428 1159 534 1190 madre
541 1159 579 1188 do
587 1157 655 1188 Dios

63 1199 103 1228 La
121 1198 226 1229 Judith
240 1208 305 1229 mas
315 1198 451 1229 valiente
467 1208 482 1237 y
500 1200 648 1236 gallarda,

23 1239 89 1275 Que
101 1239 128 1269 al
142 1239 257 1277 dragón
269 1238 405 1270 horrible
415 1248 490 1277 supo
501 1240 648 1279 degollar,

24 1281 86 1310 Con
102 1279 130 1309 la
148 1279 249 1318 gracia
270 1288 329 1316 que
346 1280 373 1309 le
400 1279 449 1309 dió
465 1289 499 1310 su
521 1289 628 1318 esposo

23 1321 56 1350 El
66 1320 192 1354 Eterno,
204 1319 220 1350 á
230 1319 374 1350 Vethulia
383 1328 459 1359 puso
469 1329 506 1350 en
516 1320 659 1353 libertad.

63 1361 87 1390 A
103 1360 130 1390 la
146 1360 246 1399 sierpe
262 1360 361 1390 tirana
375 1369 391 1399 y
407 1363 509 1391 astuta

24 1401 88 1438 Que
96 1401 124 1431 al
133 1401 263 1431 hombre
273 1401 407 1439 primero
415 1401 443 1430 la
454 1401 557 1439 gracia
565 1401 650 1440 quitó

23 1441 60 1471 Al
77 1441 212 1479 impulso
229 1441 278 1471 del
297 1441 346 1480 pie
362 1441 399 1471 de
415 1440 508 1471 María

22 1481 132 1512 Rindió
148 1482 176 1511 la
196 1482 309 1512 cabeza
326 1482 355 1512 el
370 1482 503 1512 infernal
519 1482 648 1520 dragón.

66 1521 97 1552 Si
111 1522 207 1553 David
223 1531 281 1553 con
297 1523 386 1553 cinco
406 1521 590 1561 piedrecitas

23 1563 48 1592 Y
65 1571 127 1593 una
142 1563 245 1594 honda
262 1562 406 1593 embistió
423 1562 439 1593 á
455 1562 587 1599 Goliath,

23 1603 84 1633 Con
104 1603 133 1633 la
151 1603 256 1634 honda
271 1604 320 1634 del
336 1607 424 1634 santo
442 1603 568 1634 Rosario

20 1643 141 1674 Puedes
155 1645 184 1674 al
200 1645 344 1675 demonio
367 1653 479 1683 guerra
499 1644 648 1682 publicar.

62 1684 101 1713 Es
114 1683 207 1714 María
226 1685 254 1715 la
275 1688 351 1715 caña
372 1685 421 1715 del
436 1684 525 1723 trigo,

20 1724 81 1754 San
95 1723 166 1754 José
182 1725 211 1755 el
225 1724 324 1759 árbol,
342 1725 370 1757 el
386 1724 451 1763 Hijo
468 1725 495 1755 la
510 1726 576 1761 flor,

20 1765 44 1794 Y
60 1765 88 1795 el
106 1764 239 1803 Espíritu
253 1766 348 1797 Santo
363 1775 395 1797 es
411 1767 439 1796 el
455 1774 552 1805 grano

20 1805 85 1842 Que
102 1806 155 1838 allí
166 1805 233 1837 está
243 1806 359 1838 metido
367 1815 422 1845 por
431 1807 504 1838 obra
515 1806 552 1837 de
566 1807 646 1838 Dios.

720 548 917 584 Labradores,
927 558 986 588 que
994 549 1039 579 los
1046 557 1170 587 campos
1184 552 1325 579 vuestros

699 589 792 619 Están
819 590 1003 627 pereciendo
1027 598 1082 628 por
1105 590 1134 619 la
1155 589 1322 627 sequedad,

700 629 828 665 Aeudid,
850 638 936 668 pues,
950 630 979 660 al
995 633 1082 659 santo
1102 630 1239 662 Rosario,

700 670 730 699 Si
750 671 888 708 copiosas
901 678 994 708 aguas
1023 670 1146 708 queréis
1167 671 1320 701 alcanzar.

738 710 872 740 Sacudid
887 711 914 740 la
933 710 1073 748 coyunda
1089 710 1138 740 del
1150 713 1258 746 sueño,

698 750 762 786 Que
771 749 786 780 á
798 751 884 781 todos
892 751 1022 781 convida
1031 750 1192 781 elbendito
1202 751 1350 787 Guzman;

697 791 810 820 Vamos
829 791 928 824 todos,
945 791 1093 829 cogiendo
1110 792 1153 821 las
1173 800 1257 821 rosas

698 830 763 867 Que
778 831 879 861 ofrece
898 835 951 862 tan
979 837 1070 870 pitras
1084 833 1113 861 el
1128 840 1214 862 sacro
1229 832 1321 863 rosal.

738 871 850 903 Alabar
862 871 879 902 á
897 872 926 902 la
943 873 1060 903 Aurora
1075 871 1168 902 María

697 912 842 944 Intentan
853 913 979 944 acordes
991 913 1034 942 mi
1050 916 1161 943 acento
1173 922 1188 951 y
1198 912 1238 943 mi
1256 922 1321 947 voz,

696 953 885 984 Publicando
903 953 946 983 mi
961 957 1052 984 canto
1071 953 1098 983 el
1114 954 1241 992 aplauso

697 994 758 1023 Con
776 1002 847 1024 ecos
863 1002 991 1024 sonoros
1007 994 1055 1024 del
1071 995 1133 1025 Ave
1152 994 1260 1033 mejor.

738 1034 808 1064 Dios
825 1037 855 1064 te
867 1034 963 1070 salve,
976 1035 1103 1073 sagrada
1116 1034 1219 1071 María,

697 1075 740 1104 De
760 1075 839 1105 cielo
857 1084 872 1113 y
890 1075 928 1105 de
950 1075 1040 1106 tierra
1061 1075 1146 1105 reina
1167 1075 1320 1111 Celestial;

699 1115 732 1144 El
752 1115 846 1146 Señor
863 1115 985 1154 teelijió
999 1124 1054 1154 por
1072 1124 1191 1154 esposa,

697 1155 762 1191 Que
777 1158 843 1186 otra
853 1164 891 1186 en
902 1156 931 1186 el
943 1157 1059 1187 mundo
1070 1165 1109 1186 no
1117 1157 1197 1195 pudo
1210 1156 1319 1187 hallar.

737 1197 771 1227 El
790 1199 900 1229 devoto
915 1207 974 1236 que
991 1207 1055 1228 mas
1074 1197 1258 1236 madrugare

693 1239 716 1268 A
736 1247 828 1277 coger
841 1239 885 1269 las
909 1247 993 1269 rosas
1010 1239 1059 1269 del
1074 1241 1163 1269 santo
1184 1238 1275 1274 rosal,

691 1279 815 1310 Hallará
836 1288 895 1310 una
909 1288 1021 1310 corona
1039 1280 1076 1310 de
1089 1279 1197 1318 gloria,

696 1320 759 1356 Que
776 1321 804 1350 la
817 1319 928 1359 Virgen
942 1318 1035 1350 María
1047 1319 1228 1351 labrándole
1241 1320 1316 1350 está.

736 1362 797 1392 San
813 1361 937 1399 Miguel,
955 1369 1045 1391 como
1059 1369 1131 1400 pesa
1144 1361 1189 1391 las
1207 1360 1315 1396 almas,

693 1401 749 1432 Las
763 1410 834 1441 pesa
856 1410 915 1431 con
940 1402 1039 1432 tiento
1054 1411 1070 1439 y
1086 1409 1145 1431 con
1168 1401 1315 1436 claridad,

693 1442 767 1472 Para
786 1451 841 1472 ver
859 1442 887 1472 la
903 1450 962 1480 que
978 1450 1011 1472 es
1025 1443 1107 1472 mala
1125 1441 1143 1472 ó
1167 1451 1199 1472 es
1217 1442 1320 1472 buena

692 1482 766 1513 Para
783 1483 866 1513 darle
881 1486 995 1512 cuenta
1019 1482 1035 1512 á
1061 1491 1097 1513 su
1110 1482 1277 1521 Magestad.

734 1524 768 1554 Al
787 1523 897 1554 balcón
914 1523 951 1553 de
974 1524 1019 1554 los
1042 1524 1135 1554 cielos
1157 1532 1190 1554 se
1215 1531 1320 1554 asoma

693 1565 733 1594 La
739 1564 853 1603 Virgen
859 1564 970 1594 brillan
976 1568 1005 1594 te
1018 1574 1035 1594 n
1041 1567 1143 1595 uestra
1149 1565 1345 1603 emperatriz;

693 1606 718 1635 Y
732 1605 778 1636 los
793 1605 921 1643 ángeles
938 1605 1024 1635 todos
1043 1613 1075 1635 se
1094 1606 1221 1644 alegran

692 1646 797 1676 Dover
808 1654 867 1684 que
877 1645 905 1675 el
917 1646 1043 1676 Rosario
1057 1646 1219 1684 empiezan
1233 1647 1317 1678 salir.

733 1687 757 1716 A
774 1686 804 1716 la
820 1687 935 1716 Aurora
952 1686 1054 1716 teneis
1069 1686 1086 1717 á
1104 1686 1134 1717 la
1148 1690 1275 1725 puerta,

692 1726 839 1759 Pidiendo
857 1726 1000 1762 limosna,
1017 1727 1042 1757 si
1057 1726 1086 1757 le
1102 1727 1225 1766 queréis
1251 1728 1316 1766 dar,

692 1768 767 1798 Para
787 1767 900 1805 ayudar
916 1767 952 1797 de
967 1767 1095 1799 hacerse
1113 1777 1173 1800 una
1192 1769 1315 1806 ermita,

692 1809 756 1846 Que
768 1817 808 1839 no
822 1808 905 1839 tiene
918 1807 1018 1840 dónde
1030 1808 1129 1848 poder
1141 1809 1273 1842 habitar.

618 1910 723 1960 FIN.
57 2021 274 2059 NOTA:—Hay
288 2021 472 2053 concedidas
484 2022 838 2062 muchasindulgancias
851 2032 905 2061 por
915 2025 1015 2056 varios
1027 2025 1182 2061 Prelados,
1198 2026 1214 2058 á
1229 2028 1315 2060 todos

18 2063 64 2093 los
78 2071 137 2102 que
152 2062 210 2093 cón
223 2062 373 2093 devoción
392 2070 518 2093 rezaren
532 2063 560 2094 el
573 2066 661 2094 santo
679 2063 798 2096 rosario
815 2062 831 2094 á
847 2063 939 2096 María
957 2066 1133 2098 Sanlisima.

40 2157 396 2193 CARMONA:—1856.
417 2156 499 2201 ímp.
523 2157 563 2192 de
582 2157 621 2193 D,
643 2157 672 2192 J.
694 2158 735 2194 M.
763 2158 910 2199 Moreno,
931 2160 1120 2204 Descalzas,
1143 2164 1235 2203 núm.
1257 2167 1292 2201 1.
