1765 2512
652 238 696 271 Es
713 237 746 272 el
766 245 901 271 moreno
921 235 1102 278 agraciado

607 282 640 315 la
657 293 728 315 mas
745 282 831 315 bella
858 280 1064 323 perfección,

603 336 625 368 y
637 336 671 358 se
690 326 778 359 lleva
800 326 833 358 la
850 324 1007 358 atención

604 377 667 412 que
684 371 812 413 Cupido
835 369 864 402 lo
881 368 925 401 ha
940 368 1132 410 premiado.

244 419 359 457 Tengo
378 424 416 457 yo
435 424 478 448 mi
496 423 637 448 corazón

199 470 297 495 como
319 461 348 492 la
364 462 424 493 flor
442 460 483 491 de
504 469 548 492 un
566 458 690 499 jardín,

200 506 276 539 cual
290 513 360 536 mas
381 503 468 536 bello
484 503 605 535 serafín

200 558 218 587 y
239 549 279 581 de
297 557 373 588 muy
391 547 500 579 buena
522 545 711 581 intención;

199 596 315 625 recato
334 600 348 632 y
368 590 576 623 ostentacio-u

197 634 459 676 correspondido
480 643 497 674 y
512 632 648 675 pagado,

199 689 282 721 pues
300 677 370 710 está
384 678 424 710 de
442 687 536 709 amor
552 677 723 719 premiado

200 724 240 756 de
255 730 320 755 una
335 721 420 753 bella
438 720 647 758 hermosura,

199 775 264 808 que
281 765 313 798 el
330 764 407 797 bien
421 765 462 797 de
483 774 548 797 una
566 764 714 797 criatura

198 820 232 842 es
251 809 282 841 el
303 818 436 840 moreno
453 808 648 849 agraciado.

245 853 291 886 Te
307 852 435 894 quiero,
453 852 540 884 bella
561 852 691 889 deidad,

200 907 217 938 y
238 906 297 938 por
318 894 342 928 tí
355 895 500 937 padezco
522 905 635 936 penas,

199 944 234 973 te
254 940 382 982 quiero,
403 939 489 971 linda
508 947 659 976 morena,

200 993 264 1017 con
279 984 353 1016 toda
370 983 415 1015 mi
432 982 605 1019 voluntad;

201 1037 319 1061 oscura
331 1031 367 1058 tu
386 1026 505 1059 deidad

200 1081 219 1112 y
237 1073 393 1104 hermoso
415 1075 449 1102 tu
471 1079 626 1108 corazón,

203 1121 305 1156 tengo
320 1117 434 1156 puesta
450 1114 496 1146 mi
517 1114 637 1147 afición

201 1169 243 1191 en
263 1162 297 1191 tu
323 1158 498 1199 agraciado
515 1166 668 1194 moreno,

201 1203 243 1235 de
257 1202 355 1235 modo
378 1210 443 1242 que
458 1201 634 1234 considero

204 1246 235 1281 la
256 1255 326 1278 mas
346 1245 433 1279 bella
450 1244 656 1287 perfección.

975 412 1054 443 Eres
1070 420 1148 452 para
1168 408 1214 442 mí
1227 409 1259 442 el
1279 419 1410 451 reposo,

928 455 965 488 tú
985 465 1058 487 eres
1084 456 1117 486 el
1134 454 1209 486 bien
1225 463 1288 494 que
1304 464 1415 495 poseo,

929 498 967 531 tú
988 508 1060 531 eres
1070 498 1118 529 mi
1140 505 1254 538 mayor
1293 507 1423 534 recreo,

927 551 1002 575 eres
1022 542 1127 575 clavel
1144 541 1286 573 oloroso:

928 595 993 627 que
1012 596 1065 618 me
1078 590 1181 626 tengo
1200 594 1258 626 por
1275 585 1425 623 dichoso,

929 629 1039 661 dueño
1056 630 1096 661 de
1113 629 1158 661 mi
1180 637 1335 667 corazón,

927 682 1058 705 arríame
1075 682 1137 705 con
1157 673 1290 709 afición,

927 725 992 758 que
1013 726 1065 749 me
1086 716 1143 748 das
1159 716 1297 748 dulzura
1314 716 1358 747 tal

928 760 1035 792 dando
1052 760 1213 792 consuelo
1230 759 1245 791 á
1266 758 1310 790 mi
1330 760 1409 797 mal,

929 804 1039 847 que.se
1060 804 1148 835 lleva
1170 804 1203 835 la
1216 803 1384 835 atención.

973 848 1051 881 Eres
1067 848 1129 885 sol,
1149 849 1226 879 luna
1245 857 1260 887 y
1275 847 1422 883 estrella;

928 902 1001 926 eres
1022 893 1128 925 clavel
1148 901 1163 934 y
1179 900 1253 924 eres
1264 899 1350 926 rosa,

928 945 1002 968 eres
1019 945 1167 969 azucena
1184 936 1329 971 olorosa,

931 989 946 1021 y
961 981 992 1013 el
1006 979 1096 1012 imán
1118 990 1233 1022 queyo
1255 985 1392 1012 venero:

929 1022 965 1055 tú
981 1033 1053 1056 eres
1069 1025 1136 1056 sola
1156 1027 1201 1057 mi
1217 1032 1334 1056 recreo

930 1076 947 1109 y
968 1068 997 1101 el
1020 1068 1130 1101 dueño
1145 1069 1185 1101 de
1206 1068 1250 1101 mi
1269 1067 1426 1102 cuidado;

930 1120 1004 1144 eres
1022 1112 1051 1144 el
1070 1113 1154 1145 cielo
1170 1111 1362 1149 estrellado,

930 1163 1003 1187 eres
1018 1156 1164 1191 Minerva
1183 1166 1200 1197 y
1218 1157 1332 1192 Diana,

929 1207 1004 1231 eres
1019 1208 1117 1231 como
1136 1200 1163 1231 la
1180 1207 1343 1232 manzana

930 1252 992 1284 que
1009 1243 1141 1283 Cupido
1156 1244 1192 1276 la
1210 1244 1252 1276 ha
1264 1241 1453 1285 premiado.

646 1289 716 1333 Hoy
730 1293 894 1333 pregunta
912 1285 944 1318 la
970 1287 1130 1321 memoria

600 1332 619 1365 á
637 1336 670 1365 til
687 1345 771 1376 gran
786 1330 972 1368 sabiduría,

600 1377 681 1418 ¿qué
700 1389 786 1414 cosa,
805 1379 852 1411 mi
867 1379 956 1412 Dios,
980 1376 1090 1414 liaría,

600 1424 695 1455 antes
715 1423 756 1456 de
775 1423 903 1464 formar
923 1417 955 1450 la
974 1419 1100 1460 gloria?

248 1466 305 1499 Del
325 1464 461 1498 Génesis
474 1464 504 1497 la
520 1464 690 1498 Escritura

203 1513 253 1544 lea
270 1509 345 1542 lodo
359 1510 455 1551 aquel
475 1518 539 1549 que
560 1509 676 1550 quiera

202 1555 300 1588 saber
321 1553 374 1586 del
392 1553 490 1585 modo
508 1561 525 1593 y
542 1562 679 1585 manera

203 1608 268 1640 que
291 1597 362 1629 hizo
379 1596 454 1629 Dios
470 1596 503 1628 la
522 1596 683 1633 criatura;

203 1641 260 1674 allí
281 1639 358 1673 verá
375 1649 417 1672 en
435 1649 471 1671 su
490 1640 654 1672 escritura

203 1686 244 1719 de
258 1686 287 1717 la
308 1684 409 1716 tierra
423 1693 437 1724 y
453 1683 494 1716 de
510 1684 539 1715 ia
558 1683 677 1724 gloria,

202 1739 285 1771 pues
301 1737 360 1769 por
373 1728 403 1759 la
418 1727 558 1768 sagrada
576 1727 716 1761 historia

205 1773 282 1805 lodo
299 1781 334 1804 se
350 1781 388 1803 va
411 1770 648 1810 trasluciendo,

205 1827 221 1858 y
238 1818 334 1858 luego
355 1816 451 1848 viene
464 1814 629 1848 diciendo:

206 1861 270 1900 hoy
287 1862 452 1901 pregunta
474 1858 506 1890 la
526 1860 700 1892 memoria.

251 1904 297 1936 En
316 1903 413 1935 dicho
430 1902 515 1935 libro
532 1912 567 1935 se
586 1904 649 1941 lee,

206 1956 271 1990 que
288 1947 319 1979 el
338 1946 463 1979 mundo
482 1955 524 1978 un
542 1955 618 1979 caos
633 1957 702 1986 era,

206 2001 249 2024 en
262 1992 293 2024 el
311 1999 375 2031 que
395 1990 478 2022 nada
494 1990 648 2024 existiera

207 2036 246 2068 de
268 2037 392 2068 cuanto
410 2043 449 2066 en
473 2032 503 2065 él
524 2035 582 2075 hoy
606 2044 641 2067 se
660 2035 712 2074 vé,

207 2080 348 2120 después
369 2087 427 2119 por
450 2076 525 2109 Dios
546 2078 652 2111 hecho
671 2080 724 2112 fue

207 2123 237 2155 la
258 2122 364 2155 noche
379 2131 394 2162 y
412 2122 443 2154 la
461 2121 513 2154 luz
529 2120 581 2153 del
598 2122 663 2161 día,

209 2166 324 2202 tierra,
343 2165 439 2200 cielo,
455 2169 579 2197 cuanto
597 2166 706 2202 había,

208 2219 226 2250 y
241 2209 340 2250 luego
357 2217 414 2250 por
428 2208 673 2249 consiguiente,

209 2263 245 2286 se
259 2255 288 2286 lo
303 2253 387 2294 hago
401 2253 462 2294 boy
478 2256 614 2293 patente

210 2297 228 2330 á
247 2300 281 2330 tu
298 2306 382 2339 gran
396 2296 583 2330 sabiduría.

979 1463 1022 1495 De
1043 1465 1087 1497 un
1112 1464 1252 1506 llágase,
1271 1465 1521 1507 Omnipotente,

930 1505 1037 1539 formó
1055 1517 1153 1550 peces
1166 1518 1207 1541 en
1230 1509 1259 1541 el
1282 1519 1367 1549 mar,

931 1549 1004 1582 hizo
1025 1552 1053 1583 la
1071 1552 1171 1584 tierra
1192 1552 1320 1591 brotar,

931 1603 947 1633 y
964 1594 1035 1627 crió
1056 1597 1085 1628 el
1104 1596 1152 1628 sol
1170 1600 1224 1628 ton
1244 1597 1410 1635 ardiente,

930 1636 984 1669 dio
1001 1637 1017 1670 á
1035 1639 1063 1670 la
1084 1640 1161 1670 luna
1177 1640 1387 1673 sabiamente

931 1689 968 1713 su
992 1682 1042 1714 luz
1061 1686 1115 1714 tan
1137 1691 1238 1725 opaca
1266 1693 1282 1725 y
1301 1683 1373 1718 (Via,

932 1724 1071 1766 después
1089 1727 1118 1758 a!
1135 1726 1254 1760 sétimo
1273 1727 1324 1759 dia

933 1768 1039 1802 formó
1057 1771 1087 1802 el
1101 1770 1243 1803 hombre
1262 1780 1276 1812 y
1300 1773 1328 1803 la
1348 1779 1478 1812 muger;

933 1822 1012 1853 pero
1033 1817 1130 1846 antes
1150 1815 1190 1846 de
1203 1818 1273 1846 esto
1296 1815 1396 1847 hacer

930 1855 1015 1898 ¿qué
1030 1867 1116 1895 cosa,
1136 1857 1183 1889 mi
1200 1858 1290 1893 Dios,
1309 1858 1425 1890 baria?

980 1900 1025 1932 En
1045 1902 1073 1933 la
1094 1901 1231 1942 sagrada
1260 1902 1430 1934 Escritura

934 1943 1019 1981 dice,
1038 1946 1112 1977 cual
1132 1955 1225 1978 verse
1240 1955 1274 1977 se
1294 1946 1412 1986 puede,

933 1997 998 2029 que
1024 1989 1096 2020 Dios
1117 1989 1156 2021 de
1178 1989 1260 2021 nada
1279 1990 1424 2031 procede

935 2041 952 2073 y
973 2032 1023 2064 sin
1047 2032 1120 2064 Dios
1138 2042 1179 2064 no
1197 2032 1336 2066 hubiera
1358 2034 1456 2070 nada;

934 2079 1002 2108 esta
1017 2076 1152 2116 opinión
1167 2076 1303 2108 sentada

935 2128 970 2152 es
984 2119 1060 2151 bien
1077 2118 1207 2162 pública
1228 2129 1243 2160 y
1266 2121 1412 2158 notoria,

933 2172 993 2205 por
1011 2163 1041 2195 lo
1059 2167 1152 2196 tanto
1173 2163 1188 2194 á
1206 2168 1239 2194 tu
1263 2165 1426 2197 memoria

934 2210 1086 2239 contesto
1103 2211 1173 2239 este
1195 2206 1245 2239 dia
1263 2217 1314 2248 yo;

934 2259 999 2292 que
1014 2251 1059 2283 asi
1078 2251 1154 2283 todo
1166 2260 1200 2283 se
1220 2251 1326 2284 formó

935 2306 952 2327 a
957 2298 1027 2328 ules
1041 2295 1080 2328 de
1093 2296 1220 2336 formar
1236 2295 1268 2328 la
1283 2295 1408 2338 gloria.
