1737 2508
217 271 234 303 y
258 271 375 305 espera
392 262 525 295 tristeza
540 261 650 301 miles,

216 296 246 339 ¡a
263 316 329 349 que
342 305 455 348 llegue
471 305 489 338 á
513 306 625 341 veinte
640 306 776 346 obriles,

215 360 236 391 y
256 359 298 382 no
317 349 347 383 le
360 351 485 383 saliere
500 359 547 382 un
566 351 677 384 novio.

260 394 397 427 Cuando
412 394 459 427 tal
473 393 561 427 linea
578 399 689 429 tocase

216 438 247 470 la
272 447 406 481 muger,
428 447 446 480 y
461 446 533 471 mas
549 438 576 471 si
595 449 631 472 es
645 440 709 477 fea,

216 491 281 523 que
301 491 345 515 no
359 481 486 524 piense,
507 491 573 524 que
586 492 632 517 no
643 493 735 521 crea»

216 534 259 558 en
279 535 318 559 su
331 526 406 559 vida
432 525 643 568 desposarse;

217 578 296 611 muy
317 569 396 604 bien
421 570 528 612 puede
549 570 753 606 lamentarse

216 613 265 645 las
291 613 429 647 delicias
448 614 644 656 suspirando

217 667 255 698 ya
274 667 351 699 para
366 658 447 691 ellas
463 659 707 697 contrabando,

218 710 255 740 ya
288 703 420 743 aquella
448 703 577 744 arquita
600 708 729 738 secreta

218 745 304 778 llave
327 756 343 787 y
359 745 486 788 cerraja
510 747 677 789 completa

218 788 293 821 bien
312 789 343 822 le
355 791 464 832 puede
477 789 510 822 ir
526 791 686 825 echando.

262 834 311 866 No
330 834 393 875 hay
410 834 571 873 remedio,
591 837 771 871 concidero

218 887 283 919 que
299 877 341 910 ha
361 878 479 911 nacido
499 879 712 921 desgraciada

216 922 243 953 si
265 921 363 955 nadie
381 923 411 955 la
433 922 549 964 quiere
562 925 660 961 nada,

217 974 282 1007 que
299 966 438 1008 consige
452 966 533 999 ella?
552 977 632 1009 ¿que
650 968 782 1010 quiere?

217 1013 399 1043 aumentar
411 1019 467 1042 sus
482 1010 675 1052 padeceres,

217 1053 302 1085 vivir
313 1062 356 1086 en
371 1063 415 1086 un
431 1054 630 1097 pulgatorio,

218 1106 262 1129 no
278 1098 362 1139 haga
379 1108 424 1130 un
442 1099 571 1132 castillo
596 1100 732 1134 ilusorio

218 1140 282 1173 allá
299 1151 343 1173 en
358 1152 396 1174 su
413 1142 615 1183 imaginacio

218 1194 235 1226 y
253 1185 336 1217 eche
356 1194 420 1218 con
439 1186 650 1227 resignación

218 1237 288 1261 una
309 1228 399 1262 llave
412 1230 434 1262 á
447 1238 486 1262 su
506 1231 695 1265 escritorio.

497 1318 626 1353 OTRAS

266 1405 371 1447 Tengo
385 1405 519 1447 quince,
539 1417 591 1439 me
607 1408 771 1441 acomoda

217 1458 250 1481 es
263 1449 396 1490 preciso
412 1450 529 1482 madre
544 1451 627 1488 mia,

216 1493 249 1526 el
266 1494 390 1526 mundo
410 1503 443 1526 se
458 1494 631 1535 acabaría,

216 1538 247 1570 si
266 1547 358 1571 como
378 1538 473 1571 usted
490 1539 605 1580 fuesen
621 1541 728 1574 todas.

262 1625 309 1658 Yo
324 1635 369 1658 no
386 1627 480 1669 quito
499 1637 565 1669 que
582 1638 647 1661 una
665 1628 746 1661 niña

217 1669 343 1712 guarde
360 1681 400 1704 su
415 1674 520 1714 punto
540 1681 556 1713 y
571 1671 707 1709 decoro,

217 1723 277 1756 por
294 1723 360 1756 que
375 1720 446 1749 esta
466 1716 591 1757 prenda
606 1717 649 1750 de
662 1725 721 1750 oro

217 1758 235 1791 á
252 1759 428 1802 cualquier
445 1769 566 1802 muger
580 1760 684 1799 aliña;

218 1812 298 1845 pero
318 1807 453 1838 estraño
471 1813 508 1838 se
527 1813 582 1838 me
599 1805 675 1838 riña

941 272 1069 308 porque
1088 262 1207 298 anhele
1227 264 1257 299 el
1280 272 1344 309 pan
1358 265 1400 299 de
1416 265 1504 300 boda

940 309 982 348 si,
1000 318 1038 351 ya
1053 308 1084 342 la
1101 308 1185 341 edad
1198 318 1252 343 me
1264 310 1503 344 incomoda....

940 361 1092 386 casarme
1109 356 1205 386 antes
1218 363 1282 395 que
1299 353 1512 392 abrazarme,

941 396 1040 430 usted
1053 405 1098 429 no
1111 396 1197 430 debe
1209 398 1437 439 privarme...,.

943 443 1039 483 tengo
1052 440 1186 483 quince,
1200 451 1222 483 y
1234 451 1286 475 me
1304 443 1478 476 acomoda.

988 484 1036 518 Yo
1058 484 1167 518 siento
1183 494 1242 518 aca
1256 494 1302 519 un
1317 494 1505 521 comenzon

943 537 1009 572 que
1024 537 1084 571 por
1099 529 1219 562 dentro
1233 537 1287 563 me
1303 529 1452 572 aniquila

942 583 1006 617 voy
1026 572 1204 614 quedando
1216 573 1290 607 cual
1309 573 1459 616 anguila,

943 627 961 660 y
981 616 1028 652 mi
1046 617 1140 649 triste
1156 626 1298 650 corazón

943 662 1090 703 siempre
1111 665 1182 694 esta
1196 671 1239 694 en
1259 660 1470 704 egitaekm...

946 710 1016 739 esta
1033 705 1158 747 grande
1179 714 1262 747 pena
1284 705 1363 742 mia,

947 759 1026 784 creo
1039 759 1104 792 que
1124 750 1153 782 la
1171 748 1302 782 curaría

947 794 984 826 El
1004 803 1099 830 cura,
1125 803 1186 826 con
1202 794 1246 825 mi
1265 792 1435 836 Pepito....

947 847 991 870 no
1006 837 1067 879 hay
1085 837 1244 875 remedio,
1261 838 1292 871 lo
1305 837 1426 880 rapito,

947 892 980 915 es
989 882 1135 924 preciso,
1149 882 1264 915 madre
1277 882 1357 915 mia.

991 927 1115 962 Madre,
1142 936 1183 959 en
1201 926 1233 958 el
1246 926 1373 959 mundo
1382 929 1503 959 entero

947 970 1028 1003 cada
1049 970 1124 1003 cual
1138 969 1177 1003 vá
1197 968 1216 1002 á
1240 979 1278 1002 su
1294 969 1420 1011 pareja,

947 1017 1015 1046 esta
1032 1023 1066 1047 es
1085 1024 1150 1047 una
1171 1014 1222 1055 ley
1244 1017 1300 1046 tan
1316 1013 1400 1055 vieja

947 1067 1045 1090 como
1065 1068 1102 1091 su
1123 1059 1167 1090 fin
1193 1057 1390 1091 verdadero;

947 1111 982 1134 es
1005 1101 1107 1140 claro,
1127 1112 1165 1145 yo
1188 1101 1206 1135 á
1224 1103 1308 1143 Pepe
1323 1101 1454 1143 quiero,

947 1147 1083 1179 Juanito
1103 1147 1219 1189 quiere
1235 1145 1253 1178 á
1282 1145 1396 1185 María,

947 1189 1101 1223 Eduardo
1118 1191 1136 1224 á
1156 1188 1335 1227 Estefanía,

948 1242 966 1274 y
980 1233 1140 1268 Manolito
1155 1232 1174 1267 á
1190 1233 1312 1269 Isabel,

947 1276 999 1309 sin
1022 1282 1091 1311 esta
1108 1277 1308 1311 inclinación
1325 1277 1380 1309 fiel

947 1320 979 1352 el
999 1323 1122 1356 mundo
1135 1332 1169 1355 se
1191 1320 1361 1354 acabaría.

992 1366 1093 1399 Usted
1110 1377 1153 1400 no
1171 1375 1207 1398 se
1224 1364 1264 1397 vá
1277 1364 1295 1398 á
1308 1373 1415 1402 casar,

947 1417 1012 1450 que
1027 1419 1084 1451 soy
1116 1420 1155 1452 yo
1175 1409 1291 1442 madre
1312 1408 1465 1449 querida,

946 1461 965 1493 y
992 1461 1028 1486 es
1056 1463 1133 1496 para
1162 1454 1237 1487 toda
1264 1451 1311 1485 mi
1335 1452 1424 1491 vida;

945 1497 1045 1539 luego
1065 1497 1136 1531 está
1159 1507 1239 1538 muy
1253 1495 1388 1537 regular

945 1550 1011 1584 que
1026 1540 1045 1574 á
1065 1542 1111 1574 mi
1128 1551 1181 1574 me
1197 1541 1237 1574 ha
1259 1540 1299 1573 de
1328 1540 1524 1579 acomodar;

947 1596 965 1628 y
985 1585 1100 1628 Pepito
1122 1595 1176 1619 me
1190 1583 1364 1620 acomoda,

946 1629 977 1663 el
1003 1638 1128 1671 cuerpo
1153 1639 1207 1662 me
1226 1628 1301 1671 pide
1318 1627 1447 1660 boda...

945 1682 963 1715 y
983 1673 1080 1706 usted
1099 1673 1220 1716 querrá
1240 1670 1355 1706 madre
1369 1671 1516 1705 amada.,

945 1726 989 1750 no
1014 1717 1152 1751 hubiera
1167 1717 1232 1760 hija
1258 1715 1472 1756 desgraciada

944 1761 975 1794 si
987 1770 1085 1796 como
1102 1762 1198 1796 usted
1214 1762 1332 1795 fuesen
1349 1760 1455 1794 todas.

893 2008 1025 2061 FIN.

734 2236 1121 2274 CARMONA:—1855.

341 2284 523 2331 Imprenta
554 2285 599 2322 de
619 2285 660 2322 D.
684 2284 770 2323 José
790 2285 899 2323 María
919 2286 1080 2327 Moreno,
1101 2285 1306 2327 Descalzas,
1333 2284 1435 2323 nitro.
1469 2286 1505 2321 4.
