1676 2428
260 125 297 175 6
171 183 246 215 este
269 190 306 214 es
326 176 490 227 Principe
505 175 725 219 encubierto;

168 243 245 268 mas
266 243 334 280 que
356 230 387 267 el
410 241 510 267 amor
530 240 587 265 me
609 228 782 279 despeñe,

168 296 230 322 sea
250 282 430 333 Principe,
459 284 478 319 ó
494 281 650 325 Villano,

168 350 187 373 o
210 349 270 374 sea
291 336 383 378 loco,
408 337 427 372 ó
450 334 642 385 prudente,

166 396 243 427 este
269 388 317 425 mi
337 400 466 438 esposo
488 387 530 424 lia
554 386 597 424 de
617 399 688 429 ser,

164 441 323 480 misterio
345 441 374 478 el
407 440 552 477 Retrato
585 439 691 477 tiene:

167 508 244 533 mas
264 506 333 544 que
355 493 435 543 digo
438 493 451 514 9
472 493 565 530 Loca
586 492 696 543 estoy!

165 547 216 585 mi
235 546 368 585 crédito
390 558 493 596 pues,
513 544 561 582 mi
581 544 731 587 oriente,

168 613 256 637 cuva
278 600 332 636 luz
355 599 386 636 al
407 598 556 635 rosicler

167 652 226 691 del
248 652 303 689 día
325 650 535 702 empuñarle
557 649 686 701 puede!

167 705 258 748 Mas,
281 718 302 756 y
319 705 367 741 mí
389 715 488 741 amor
504 701 558 754 (ay
581 703 624 740 de
646 701 721 755 mi!)

170 771 240 808 que
260 771 317 795 me
339 764 474 807 aprieta
491 755 742 798 Ios-cordeles,

168 824 213 848 en
234 824 281 847 un
302 809 453 847 horndre
475 816 534 845 tan
552 808 701 849 bizarro,

170 876 271 900 como
292 863 324 900 el
346 861 494 898 Retrato
516 861 549 897 lo
571 861 706 898 ofrece?

167 915 253 953 Este
275 928 315 952 es
336 912 516 964 Principe,
541 927 561 964 y
587 926 625 950 se
647 913 817 954 encubre;

167 981 245 1006 mas
266 981 325 1006 sea
349 967 379 1004 lo
401 979 470 1017 que
492 979 530 1003 se
554 966 671 1010 fuere,

170 1034 239 1070 que
261 1033 305 1058 no
326 1021 406 1057 seré
429 1019 461 1056 la
481 1018 650 1069 primera,

171 1086 241 1123 que
262 1076 281 1110 á
301 1070 479 1110 liviandad
500 1084 539 1108 se
559 1072 690 1122 sujete.

167 1126 232 1164 Asi
253 1124 390 1163 andaba
411 1125 627 1162 enamorada

170 1179 229 1216 del
246 1178 442 1229 jardinero,
459 1177 502 1214 de
518 1183 654 1220 suerte,

169 1245 239 1281 que
262 1230 457 1281 apretando
478 1230 529 1267 las
549 1229 708 1280 clavijas,

170 1283 373 1334 rompieron
397 1283 447 1320 las
469 1281 622 1320 cuerdas
646 1283 795 1323 fuertes.

169 1336 273 1374 Vivió
294 1335 502 1374 encubierto
525 1340 600 1372 este
618 1347 730 1377 amor,

172 1403 236 1440 por
260 1386 378 1428 buena
398 1393 525 1426 cuenta
543 1387 613 1425 seis
630 1399 761 1430 meses;

171 1456 192 1493 y
215 1442 245 1480 al
268 1441 315 1479 fin
337 1441 379 1478 de
398 1447 545 1490 aquesto
564 1440 596 1477 le
613 1440 683 1490 dijo

172 1498 189 1532 á
211 1495 243 1532 la
259 1494 428 1532 Princesa
445 1506 513 1542 que
536 1492 660 1542 quiere

170 1547 243 1585 irse
265 1550 283 1585 á
299 1560 340 1585 su
363 1547 483 1588 tierra,
507 1558 583 1583 mas
603 1545 686 1588 ella,

174 1601 229 1638 sin
250 1600 358 1638 mirar
379 1599 686 1641 inconvenientes,

176 1653 211 1690 ni
231 1665 391 1703 reparar,
411 1664 480 1702 que
503 1664 540 1688 es
561 1650 731 1688 Princesa

174 1706 218 1743 de
239 1707 467 1746 Dinamarca,
484 1703 658 1754 pretende

173 1759 246 1796 irse
267 1771 333 1795 con
353 1758 400 1801 él,
419 1769 488 1807 que
510 1769 553 1793 no
572 1757 636 1806 hay
658 1769 754 1798 cosa,

176 1824 278 1850 como
300 1824 367 1848 una
386 1822 512 1860 muger
536 1809 570 1846 lo
584 1809 735 1852 intente,

178 1878 247 1915 que
267 1877 311 1901 no
328 1864 360 1901 la
380 1863 471 1912 haga
491 1861 646 1901 resuelta

178 1931 320 1969 aunque
342 1916 374 1953 el
399 1916 515 1954 diablo
536 1927 575 1952 se
592 1915 625 1952 la
645 1914 755 1952 lleve.

180 1973 211 2010 A
231 1977 307 2009 este
322 1970 458 2020 tiempo
478 1972 497 2007 á
513 1970 546 2007 la
566 1968 734 2017 Duquesa

181 2026 215 2064 le
238 2025 294 2062 dió
317 2036 365 2060 un
381 2022 524 2060 notable
541 2020 742 2063 accidente,

181 2093 203 2131 y
223 2076 351 2116 viendo
373 2076 426 2113 los
448 2075 510 2113 dos
530 2075 562 2112 el
589 2085 672 2111 caso

182 2139 241 2170 tan
262 2129 447 2181 apretado,
468 2141 490 2180 y
506 2132 674 2178 urgente,

182 2198 247 2236 por
265 2197 313 2221 un
335 2181 539 2234 posliguillo
560 2180 665 2223 falso,

183 2251 253 2290 que
272 2249 335 2289 por
351 2234 455 2275 dicha
484 2234 516 2272 el
533 2232 651 2286 jardín
673 2232 782 2276 tiene.

910 172 1063 211 salieron
1083 174 1136 212 los
1157 172 1219 212 dos
1239 180 1411 218 amantes,

910 226 964 263 sin
986 240 1055 276 que
1075 227 1179 264 nadie
1200 227 1232 265 lo
1254 227 1413 265 sintiese.

910 278 1008 316 Toda
1030 279 1061 317 la
1077 280 1192 317 noche
1212 281 1389 323 caminan;

904 344 924 383 y
946 332 979 369 al
999 345 1056 369 ser
1078 332 1121 369 de
1143 333 1212 375 dia,
1236 344 1391 383 parecen

905 396 1009 422 cerca
1031 384 1074 422 de
1096 385 1156 422 allí
1178 398 1266 422 unas
1284 391 1482 427 montañas,

905 436 1024 474 donde
1045 440 1114 474 ván
1135 440 1154 475 á
1170 450 1361 488 recogerse

905 502 949 527 en
970 489 1004 527 lo
1021 503 1161 540 áspero,
1185 503 1206 540 y
1228 490 1346 527 oculto

907 542 951 579 de
972 555 1034 579 sus
1050 543 1208 592 bosques
1229 542 1449 587 eminentes;

908 608 972 632 con
994 594 1256 644 prevenciones
1279 594 1363 632 bien
1382 601 1513 637 cortas,

905 646 951 684 de
972 647 1073 684 todos
1092 646 1145 685 los
1166 652 1405 687 menesteres*.

904 698 1044 738 Viendo
1066 712 1108 737 en
1128 698 1282 741 Palacio,
1306 712 1374 749 que
1395 700 1477 738 falta

907 752 940 789 la
960 751 1145 795 Princesa,
1169 766 1189 803 y
1208 765 1252 789 no
1268 761 1399 802 parece

908 805 941 842 el
959 804 1141 855 jardinero
1163 811 1340 855 tampoco,

909 856 1039 895 mandó
1057 857 1089 894 el
1109 858 1199 908 Rey,
1224 869 1292 906 que
1314 857 1547 895 brevemente

907 910 1062 947 saliesen
1083 909 1162 947 cien
1184 909 1392 947 Caballeros

907 975 972 1013 por
991 962 1151 1001 caminos
1171 962 1380 1005 diferentes,

910 1029 979 1065 <pie
1001 1015 1113 1058 vivos,
1137 1017 1157 1052 ó
1183 1021 1343 1052 muertos
1364 1014 1503 1056 ainbcs,

910 1072 928 1105 á
950 1082 989 1105 su
1014 1068 1199 1118 presencia
1222 1073 1405 1117 tragesen,

909 1133 994 1171 para
1012 1120 1131 1158 darles
1153 1121 1184 1157 el
1207 1120 1358 1170 castigo,

910 1186 979 1223 (pie
1000 1187 1042 1211 su
1064 1173 1171 1210 delito
1194 1184 1351 1210 merece.

911 1227 980 1264 Los
1003 1227 1065 1264 dos
1087 1226 1250 1263 caminan
1271 1225 1314 1262 de
1336 1225 1465 1268 noche,

908 1279 952 1316 de
969 1278 1024 1316 dia
1046 1291 1169 1328 [raían,
1190 1278 1234 1316 de
1250 1283 1386 1320 suerte,

909 1344 978 1381 (pie
999 1337 1167 1382 aquestos
1188 1336 1349 1367 amantes
1365 1342 1481 1367 nunca

909 1385 967 1421 fue
985 1383 1137 1435 posible,
1160 1396 1229 1433 que
1249 1383 1300 1420 los
1320 1383 1454 1420 viesen.

912 1436 1164 1486 Prosiguieron
1185 1449 1225 1472 su
1247 1436 1348 1484 viage

914 1502 980 1527 con
1001 1488 1151 1538 trabajo,
1176 1500 1264 1537 pues
1279 1490 1296 1524 á
1318 1499 1439 1530 veces,

914 1542 949 1578 ni
971 1555 1038 1591 pan
1055 1541 1208 1583 confian,
1228 1540 1263 1576 ni
1283 1539 1405 1588 abrigo

914 1594 1079 1632 hallaban
1111 1593 1218 1644 quien
1239 1604 1277 1630 se
1299 1592 1331 1629 lo
1348 1592 1462 1635 diese,

913 1647 1071 1697 pasando
1090 1659 1152 1696 por
1174 1645 1206 1682 el
1223 1645 1361 1682 camino

912 1699 1077 1742 hambre,
1095 1699 1173 1740 sed,
1198 1710 1342 1747 pesares
1364 1697 1515 1739 fuertes,

914 1765 983 1802 (pie
1007 1752 1175 1789 Liliberto
1196 1744 1228 1787 le
1250 1749 1354 1792 daba,

913 1817 1004 1856 pues
1026 1817 1069 1841 en
1093 1804 1167 1841 loco
1190 1813 1417 1852 permanece.

915 1856 1176 1907 Sorprendidos
1194 1856 1318 1892 fueron
1336 1854 1459 1891 ambos

917 1911 960 1948 de
979 1909 1161 1947 Ladrones
1181 1907 1393 1949 insolentes,

919 1962 1058 2001 cuando
1074 1962 1245 1999 Filiberto
1256 1973 1301 1998 en
1321 1960 1411 1998 ellos

918 2022 1060 2065 estrago
1084 2015 1161 2052 hizo
1176 2013 1345 2056 valiente,

918 2069 1010 2107 Pasó
1032 2081 1077 2105 en
1098 2068 1143 2104 fin
1165 2072 1240 2104 este
1263 2066 1396 2113 trabajo

920 2122 952 2159 la
970 2120 1153 2161 Princesa,
1174 2133 1247 2155 mas
1271 2119 1303 2156 lo
1323 2118 1453 2161 siente,

920 2187 984 2226 por
1005 2173 1150 2211 haberle
1173 2171 1278 2210 dicho
1297 2171 1344 2214 él,

921 2240 990 2280 que
1012 2227 1054 2264 de
1077 2226 1154 2276 baja
1177 2225 1309 2277 estirpe
1330 2223 1448 2267 viene,
