1688 2408
204 92 225 127 6

105 149 124 185 y
143 150 184 174 su
204 139 313 186 padre
334 139 367 175 la
386 140 544 176 buscaba

104 197 187 233 todo
208 197 301 234 lleno
318 198 362 234 de
378 199 557 239 zozobras,

102 265 123 300 y
143 265 189 291 no
216 255 396 301 pudiendo
419 256 656 297 encontrarla,

104 313 124 347 á
140 314 166 349 si
191 313 319 349 mismo
339 325 378 349 se
397 315 562 356 desdora,

101 371 367 408 reconociendo
386 384 427 408 su
448 383 561 419 yerro,

103 438 122 475 y
141 428 159 464 á
175 439 281 465 veces
301 441 345 465 un
364 431 471 477 puñal
494 438 586 468 loma

102 496 187 533 para
207 488 365 533 quitarse
384 490 416 525 la
444 490 536 530 vida,

101 545 156 581 sin
177 550 277 581 tener
302 547 560 588 misericordia;

101 613 188 649 pero
207 604 241 640 le
260 605 399 640 detiene
420 606 452 640 el
484 608 588 643 brazo

102 660 136 696 la
156 663 279 708 pasión
301 674 377 700 mas
400 676 562 702 amorosa

101 719 146 754 de
165 730 205 756 su
224 720 310 767 hija,
334 734 402 769 que
423 724 454 759 la
474 725 586 761 siente

104 787 180 813 mas
200 781 295 824 queá
314 791 353 815 su
373 782 500 818 misma
519 794 683 829 persona,

102 846 122 881 y
139 836 217 872 vivo
236 840 352 884 puede
382 840 560 882 buscarla,

102 893 220 941 loque
241 901 382 934 muerto
401 910 446 934 no
467 910 526 936 era
546 912 642 938 cosa.

102 952 130 988 Y
152 954 201 989 asi
223 965 291 1001 que
307 958 491 994 amaneció
512 959 544 994 el
563 960 633 1000 dia,

101 1010 146 1045 de
161 1022 276 1047 nuevo
295 1014 313 1048 á
336 1016 498 1051 buscarla
522 1022 635 1054 torna:

100 1079 187 1114 pero
206 1080 251 1105 no
267 1070 297 1107 la
330 1074 422 1118 pudo
443 1073 571 1116 hallar,

99 1136 166 1172 por
186 1139 262 1164 mas
279 1140 348 1175 que
366 1142 433 1167 con
452 1134 663 1171 cuidadosas

107 1184 317 1232 diligencias
342 1190 538 1236 registraba

100 1241 154 1278 las
176 1255 250 1279 mas
276 1247 414 1283 ocultas
429 1249 585 1291 alcobas,

104 1311 120 1346 y
138 1302 280 1347 perdida
306 1305 336 1340 la
356 1307 538 1351 paciencia

103 1369 121 1404 y
142 1359 194 1395 las
221 1371 430 1409 esperanzas
453 1367 563 1407 todas,

103 1419 120 1451 á
141 1427 182 1453 su
202 1429 282 1456 casa
302 1432 340 1456 se
363 1422 490 1464 volvió,

104 1486 121 1520 y
140 1477 157 1511 á
179 1487 221 1512 su
244 1488 325 1524 muy
346 1481 492 1525 querida
513 1493 637 1529 esposa

104 1532 264 1571 llorando
285 1536 317 1572 le
336 1538 454 1574 refirió

99 1601 140 1627 su
161 1594 348 1640 desgracia
374 1597 567 1639 lastimosa,

102 1651 134 1686 la
155 1652 234 1687 cual
251 1656 409 1702 anegada
429 1666 473 1692 en
490 1657 612 1699 llanto,

101 1711 227 1747 fueron
250 1717 362 1750 tantas
382 1715 433 1750 las
449 1717 633 1763 congojas,

101 1768 153 1804 las
171 1772 351 1816 angustias
372 1784 389 1818 y
408 1773 535 1819 fatigas

104 1826 148 1863 de
167 1830 307 1874 aquella
326 1831 431 1866 noble
447 1832 591 1872 Señora,

102 1896 172 1931 que
190 1896 236 1921 no
255 1888 320 1936 hay
337 1889 465 1935 lengua
483 1901 550 1937 que
571 1892 622 1926 las
640 1891 732 1938 diga,

103 1954 190 1988 pues
206 1946 406 1984 confunden
427 1948 458 1983 la
480 1951 664 1991 memoria;

102 2014 121 2040 V
152 2005 205 2039 sin
227 2004 414 2042 detenerse
432 2017 479 2042 un
502 2012 610 2053 punto

101 2072 282 2099 convocan
309 2063 415 2111 luego
437 2066 453 2100 á
474 2066 504 2101 la
526 2066 613 2102 hora

101 2123 218 2158 veinte
236 2121 403 2161 hombres
420 2134 488 2169 que
508 2124 538 2159 la
556 2125 716 2172 busquen

106 2191 171 2217 con
185 2182 367 2227 prontitud
384 2192 586 2228 presurosa,

103 2251 169 2277 con
186 2241 274 2277 ellos
293 2252 333 2277 va
359 2242 398 2278 D.
416 2241 538 2279 Martin

821 152 886 188 por
905 141 993 178 cabo
1015 143 1058 179 de
1079 143 1219 190 aquella
1238 145 1386 187 escolta,

821 200 862 236 D.
885 200 974 236 Juan
995 201 1038 237 de
1054 202 1150 239 Lat
1160 203 1320 239 llorando

821 269 865 294 su
886 259 1032 306 pérdida
1052 266 1110 295 tan
1128 263 1279 299 notoria.

825 317 912 353 Pero
929 319 979 353 asi
997 329 1099 354 como
1116 321 1282 363 salieron,

825 375 923 411 Doña
936 376 1042 411 María
1061 388 1102 412 su
1119 389 1258 424 esposa,

826 444 909 479 para
928 436 1112 471 escribirle
1134 437 1150 472 á
1167 437 1206 472 D.
1224 437 1334 484 Diego

824 492 924 527 tomó
942 492 1093 529 discreta
1115 505 1185 530 una
1203 495 1283 542 hoja

826 548 869 583 de
887 559 934 585 un
956 550 1049 586 llano
1066 563 1084 597 y
1103 555 1196 589 terso
1218 555 1333 601 papel,

825 618 843 650 y
864 607 908 642 de
929 612 1001 643 esta
1022 615 1140 646 suerte
1160 611 1193 647 lo
1212 617 1306 653 nota;

824 664 932 701 Sabrá
954 668 1056 703 usted
1077 679 1157 715 muy
1181 671 1294 707 Señor
1311 674 1383 709 mió

823 721 864 756 D.
886 722 996 769 Diego
1016 725 1058 760 de
1074 726 1256 769 Peñaloza,

826 791 931 817 como
951 793 993 817 en
1016 783 1064 819 mi
1079 795 1159 821 casa
1178 788 1312 823 sucede

826 838 858 873 la
874 839 1058 886 desgracia
1080 853 1154 878 mas
1172 854 1316 890 penosa,

825 907 894 942 que
915 909 953 933 se
967 899 1009 935 ha
1033 900 1127 941 oido,
1149 902 1184 937 ni
1198 913 1237 938 se
1257 904 1303 940 ha
1320 905 1409 941 visto

824 966 867 990 en
890 961 1018 993 cuanto
1034 958 1067 993 el
1088 960 1172 995 orbe
1187 971 1330 997 corona.

824 1013 852 1048 Y
871 1014 930 1050 fué
951 1016 982 1050 el
1003 1026 1086 1052 caso
1103 1019 1288 1061 sucedido,

826 1082 894 1117 que
906 1083 989 1119 ayer
1007 1074 1048 1110 D.
1067 1075 1189 1112 Martin
1210 1078 1253 1114 de
1267 1079 1380 1120 Soria,

824 1130 844 1164 á
866 1131 914 1166 mi
934 1132 1072 1168 marido
1092 1134 1224 1179 pidióle

825 1189 906 1224 ámi
926 1190 997 1235 hija
1016 1202 1079 1237 por
1092 1203 1132 1228 su
1154 1204 1292 1239 esposa,

823 1258 844 1293 y
858 1247 913 1283 sin
937 1250 1041 1286 saber
1060 1261 1100 1286 su
1115 1252 1305 1293 dictámen,

824 1316 862 1340 se
881 1305 914 1342 la
935 1307 1083 1350 ofreció,
1107 1320 1123 1356 y
1142 1311 1210 1346 ella
1231 1312 1359 1354 airosa,

826 1374 890 1410 por
922 1375 1083 1402 reservar
1102 1373 1244 1406 vuestro
1266 1382 1379 1413 amor,

827 1434 844 1468 y
865 1429 1007 1461 vuestra
1026 1426 1194 1463 voluntad
1214 1430 1335 1476 propia

826 1482 1022 1529 contradijo
1047 1484 1080 1519 la
1099 1485 1244 1531 palabra

826 1540 870 1575 de
888 1551 928 1576 su
952 1541 1063 1577 Padre
1079 1553 1094 1587 y
1119 1554 1185 1579 con
1204 1544 1336 1583 furiosa

827 1599 947 1635 osadía
969 1600 1000 1635 la
1024 1601 1116 1637 llevó

824 1658 842 1692 á
862 1669 949 1694 unos
970 1663 1120 1701 montes,
1137 1672 1158 1707 y
1177 1672 1243 1698 con
1257 1673 1362 1709 sogas

824 1717 1009 1753 amarrada
1036 1719 1068 1754 la
1083 1719 1164 1765 dejó

824 1786 888 1821 por
914 1787 982 1811 una
1011 1788 1178 1814 amenaza
1196 1779 1285 1815 sola.

826 1833 853 1868 Y
873 1836 1011 1871 cuando
1029 1836 1145 1872 volvió
1164 1838 1182 1873 á
1205 1838 1383 1880 buscarla,

825 1903 870 1932 no
890 1894 920 1929 la
940 1894 1037 1931 halló
1060 1896 1234 1941 ((terrible
1249 1897 1359 1944 cosa!)

826 1957 867 1992 ya
887 1953 1064 1994 discurro,
1086 1965 1155 1999 que
1173 1955 1227 1990 sin
1243 1955 1335 1992 duda

825 2011 927 2048 fieras
947 2012 1005 2047 del
1029 2018 1146 2048 monte
1166 2013 1366 2050 aulladoras

827 2070 861 2105 le
884 2070 1020 2106 habrán
1038 2071 1180 2116 quitado
1201 2071 1233 2107 la
1255 2072 1332 2107 vida

827 2129 869 2165 V.
893 2130 1038 2165 merced
1060 2130 1092 2165 la
1112 2140 1269 2172 socorra,

825 2198 846 2234 y
865 2187 910 2223 do
925 2199 965 2226 su
990 2193 1088 2235 parte
1109 2199 1259 2236 procure

826 2246 1007 2288 buscarla,
1033 2257 1119 2294 pues
1140 2257 1208 2294 que
1231 2248 1264 2284 le
1285 2252 1375 2284 loca.
