1765 2512
809 115 865 266 6
135 231 650 275 de la dama en esta forma
137 280 586 324 formalizó sin tardanza.
143 326 587 373 « El referir á su alteza
131 375 618 425 soy mariposa abrazada,
129 425 625 473 por vida vuestra, que es
136 474 549 517 la verdad verificada.
140 522 592 566 La puerta de mi jardin
141 569 688 622 tendreis esta noche franca;
132 618 522 663 el portador guiará,
132 669 736 714 porque no ignora la entrada. »
139 714 642 767 Recibió el tal contenido,
128 762 570 812 fue generosa la paga;
140 815 660 862 y aquella prócsrma noche
138 860 607 911 de ropa corta se arma,
138 908 601 957 con su calada montera
128 964 620 1005 y con su capa de grana,
136 1008 680 1057 tambien su par de pistolas,
135 1055 602 1104 para su defensa guarda.
127 1103 622 1152 Tocó del relox las once,
132 1155 632 1200 y á la diligencia marcha.
125 1202 632 1247 Entró don Juan, y quedó
124 1248 578 1294 el otro de retaguardia.
128 1297 670 1347 Pasados los cumplimientos
130 1346 718 1399 que entre los amantes pasan,
128 1393 600 1442 disfrutó tiernas caricias
130 1442 699 1493 en alfombras de esmeraldas.
124 1489 660 1542 Pasados ya los seis meses,
121 1539 698 1591 cuenta à su amante le daba,
128 1588 565 1635 suplicándole amorosa
128 1638 658 1687 que se vinieran á España
131 1687 671 1737 que se considera en cinta
123 1733 611 1783 y se siente embarazada.
126 1784 610 1831 El la respondió diciendo
121 1833 684 1883 que algo atrasado se halla,
124 1883 645 1929 que á su padre le robase
128 1932 652 1979 para el viaje que aguarda.
124 1982 524 2021 A su padre le quitó
128 2029 630 2076 cantidad de oro y plata,
124 2080 593 2125 y disponiendo el viage.
118 2130 718 2177 que el dinero mucho alcanza,
114 2177 554 2221 una tenebrosa noche,
116 2226 572 2268 hasta la playa romana
872 243 1390 295 un bergantin les condujo,
864 292 1366 341 á donde hizieron parada;
868 340 1436 391 hasta que yendo en camino,
864 388 1396 439 muy claramente le habla,
866 436 1374 487 diciendo que es labrador,
864 486 1374 535 y no príncipe de España,
863 536 1402 584 que el real anlllo que vió,
862 581 1382 630 se lo dieron y esto basta.
864 630 1454 683 En fin, se la trajo á Illescas,
852 678 1352 728 á donde se desposaban,
856 730 1398 776 y con el caudal compraron
856 779 1396 826 gran nùmero de labranza.
861 826 1338 871 Dejemos á los amantes
861 873 1442 926 con gran reposo en su casa.
864 921 1372 973 Viendo pues el mercader,
857 973 1294 1016 que la hija le faltaba
862 1026 1334 1066 y el príncipe no parece,
864 1070 1348 1114 previno pasar á España.
862 1116 1420 1164 En breve tiempo en la Córte
858 1165 1385 1213 estuvo, y haciendo árduas
862 1214 1332 1261 diligencias con secreto,
857 1263 1326 1309 á todos les preguntaba
862 1311 1370 1363 por el príncipe don Juan,
853 1360 1354 1406 hijo del cuarto monarca.
864 1408 1362 1456 Le dicen pase á palacio,
859 1457 1376 1503 que allí darán esperanzas.
858 1504 1426 1554 Entró en fin, y pregutanndo
860 1553 1362 1605 por la Magestad cesárea,
858 1601 1328 1648 le dan el pase y subió.
857 1649 1330 1695 Hizo las acostumbradas
852 1698 1322 1747 cortesías que se deben,
857 1747 1378 1796 diciéndole estas palabras:
858 1796 1296 1840 de Nápoles he venido
860 1844 1463 1889 solo á besar vuestras plantas,
860 1898 1304 1941 y á suplicaros, Señor,
854 1944 1307 1991 el que justicia se haga
857 1993 1419 2041 con quien me robó mi hija,
848 2045 1392 2088 y se la ha traido á España.
856 2092 1294 2135 A Nápoles fué, Señor,
852 2138 1394 2184 un hombre que se llamaba
844 2186 1414 2235 Juan de la Tierra, y me dió
836 2235 1240 2285 aquesta real alhaja,
