1684 2475
378 427 951 519 SEGUNDA
1028 417 1455 509 PARTE

218 579 284 629 de
313 578 361 626 la
403 573 694 624 admirable
734 569 965 620 Historia
1006 566 1071 616 de
1102 564 1203 614 don
1238 561 1418 613 Garlos
1445 576 1479 624 y
1508 557 1622 608 Lu¬

221 649 399 707 cinda,
450 662 485 710 y
515 659 663 695 como
694 644 881 692 fueron
922 642 1156 690 muertos
1187 638 1212 684 á
1247 647 1427 683 manos
1457 630 1523 680 de
1555 645 1618 678 su

222 721 332 784 hijo
360 719 539 768 Julián
570 716 651 764 sin
684 712 993 765 conocerlos
1024 708 1093 766 él,
1128 703 1362 754 saliendo
1388 704 1556 751 cierto
1572 700 1620 748 el

225 790 531 857 pronóstico
563 784 646 834 del
679 785 889 842 Ciervo,
917 799 949 846 y
972 795 1121 830 como
1148 777 1194 826 él
1220 792 1317 824 con
1342 790 1404 823 su
1437 785 1624 836 esposa

285 876 341 910 se
373 860 561 909 fueron
590 873 617 904 a
647 873 715 905 un
747 854 976 919 hospital
1002 855 1030 901 á
1064 849 1223 898 hacer
1246 843 1566 912 penitencia.

286 1059 340 1098 En
359 1059 392 1098 el
422 1057 554 1109 pasado
577 1066 744 1093 romance

237 1127 280 1166 ya
296 1113 367 1164 dije
388 1123 490 1152 como
509 1108 663 1148 salieron

236 1167 292 1204 los
307 1166 439 1218 padres
462 1163 506 1202 de
527 1160 648 1201 Julián

241 1223 260 1257 á
281 1218 443 1260 búscale,
466 1230 486 1269 y
503 1228 571 1267 que
593 1212 814 1252 anduvieron

240 1270 462 1310 buscándolo
483 1282 545 1319 por
566 1268 598 1305 el
620 1265 753 1304 mundo

239 1338 306 1364 con
328 1322 464 1374 trabajo
491 1336 511 1373 y
528 1318 778 1362 desconsuelo;

241 1379 349 1416 ahora
376 1376 452 1427 sigo
483 1375 515 1413 la
538 1372 685 1412 historia

240 1445 262 1482 y
279 1430 420 1482 prosigo
441 1429 493 1467 los
513 1438 663 1466 sucesos

244 1484 288 1523 de
308 1483 442 1525 Julián,
466 1494 536 1532 que
564 1480 689 1517 fueron
714 1483 844 1520 tantos,

246 1549 316 1587 que
340 1549 384 1574 no
402 1548 440 1574 es
462 1533 541 1573 fácil
563 1532 606 1570 de
623 1531 774 1570 creerlo.

246 1589 344 1628 Salió
366 1595 444 1627 este
460 1585 632 1626 mancebo
654 1584 813 1628 heroico,

246 1642 413 1681 llevando
434 1654 475 1679 su
490 1638 737 1691 pensamiento

248 1695 269 1735 á
291 1695 447 1746 España,
467 1693 583 1732 donde
605 1692 717 1742 llegó,

247 1761 351 1787 como
373 1746 527 1785 referido
551 1744 647 1795 dejo,

249 1801 293 1840 de
315 1800 472 1851 Nápoles
492 1799 524 1836 la
550 1798 699 1839 famosa,

251 1868 272 1907 y
293 1856 394 1893 entró
416 1856 434 1890 á
455 1852 569 1891 servir
590 1851 621 1889 al
643 1850 720 1901 Kcy
740 1852 889 1887 nuestro

254 1921 300 1946 en
315 1907 348 1945 la
363 1918 491 1958 guerra
513 1905 557 1943 de
580 1904 736 1953 Aragón,

255 1960 374 1999 donde
396 1964 526 1998 mostro
547 1970 609 1995 sus
626 1956 789 1997 alientos;

254 2013 335 2051 hizo
356 2013 508 2050 hazañas
529 2009 784 2050 memorables,

255 2067 335 2105 hizo
356 2079 441 2116 muy
460 2065 617 2103 famosos
636 2061 786 2103 hechos,

256 2119 455 2158 venciendo
478 2116 624 2157 muchas
644 2114 807 2157 batallas,

257 2172 412 2223 grandes
432 2171 597 2209 soldados
618 2167 817 2209 rindiendo,

258 2226 293 2264 le
308 2226 401 2278 ganó
423 2224 571 2263 muchas
585 2221 770 2264 ciudades,

959 1050 992 1088 le
1014 1048 1131 1098 sujetó
1154 1045 1303 1084 muchos
1325 1044 1492 1095 pueblos,

960 1101 1086 1142 siendo
1107 1113 1147 1139 su
1170 1111 1274 1137 acero
1290 1097 1446 1136 luciente

961 1155 1006 1194 de
1028 1156 1080 1193 los
1101 1151 1283 1203 enemigos
1304 1150 1437 1194 miedo,

964 1208 998 1247 el
1019 1214 1133 1246 terror
1155 1206 1197 1244 de
1218 1205 1271 1242 los
1294 1203 1462 1243 rebeldes

964 1274 986 1312 y
1003 1258 1172 1299 asombro
1193 1257 1251 1296 del
1271 1256 1459 1295 Universo.

967 1313 1104 1352 Viendo
1125 1312 1158 1350 el
1179 1311 1257 1362 Rey
1272 1315 1366 1348 estas
1387 1309 1553 1351 hazañas,

968 1366 1105 1419 premió
1125 1378 1188 1404 sus
1209 1363 1334 1402 nobles
1356 1362 1525 1405 alientos,

967 1435 989 1473 y
1011 1433 1053 1458 su
1066 1417 1213 1470 general
1232 1417 1266 1454 le
1286 1415 1366 1453 hizu

968 1470 1189 1512 honrándole
1208 1482 1274 1508 con
1292 1469 1336 1506 tal
1359 1475 1501 1520 puesto;

967 1540 988 1579 y
1009 1525 1147 1565 cuando
1168 1535 1255 1575 supo
1275 1521 1383 1574 quien
1403 1533 1480 1564 era,

966 1593 988 1632 y
1003 1593 1046 1618 su
1065 1577 1174 1616 noble
1194 1574 1424 1618 nacimiento,

968 1645 1034 1671 con
1056 1644 1124 1669 una
1145 1629 1272 1667 ilustre
1294 1634 1424 1667 señora

972 1684 1008 1723 le
1028 1687 1111 1724 casó
1132 1683 1237 1733 luego
1258 1681 1290 1719 al
1316 1685 1511 1723 momento,

974 1752 1045 1789 que
1061 1736 1250 1786 Margarita
1269 1747 1309 1772 se
1330 1733 1454 1776 llama,

976 1804 1065 1843 cuyo
1088 1790 1204 1828 divino
1224 1787 1339 1838 sujeto

977 1857 1067 1896 supo
1083 1841 1164 1882 unir
1183 1843 1217 1880 lo
1234 1840 1409 1878 soberano

978 1911 1045 1936 con
1066 1898 1100 1935 lo
1116 1896 1283 1935 hermoso
1301 1906 1322 1945 y
1342 1903 1407 1931 con
1425 1891 1460 1930 lo
1479 1888 1592 1941 régio.

978 1951 1078 1989 Vivia
1099 1951 1132 1988 el
1153 1947 1312 2000 gallardo
1334 1957 1435 1983 mozo

980 2017 1065 2057 muy
1085 2009 1230 2054 gustoso
1247 2013 1266 2051 y
1295 2012 1378 2050 muy
1400 2001 1570 2036 contento

981 2070 1046 2095 con
1063 2070 1106 2095 su
1129 2055 1226 2107 perla
1249 2051 1454 2103 Margarita,

978 2110 1062 2162 joya
1083 2109 1127 2148 de
1147 2106 1275 2146 subido
1297 2104 1430 2157 precio,

983 2163 1136 2215 dejando
1158 2159 1303 2200 rumbos
1322 2158 1366 2196 de
1383 2158 1496 2195 Marte

984 2230 1048 2269 por
1068 2216 1121 2255 las
1138 2214 1282 2253 delicias
1299 2211 1343 2250 de
1362 2210 1500 2249 Venus.
