1737 2508
1228 166 1471 221 (Núm. 253)
764 1078 1055 1134 COLECCION
291 1229 1540 1296 DE CANCIONES ANDALUZAS,
526 1356 1320 1411 PARA CANTAR AL GUSTO DEL DIA.
427 1568 1411 1626 EL TANGO AMERICANO.
257 1695 757 1751 Uté no e ná, uté no e ná,
220 1740 726 1796 uté no e chicha ni limoná,
220 1783 698 1839 uté no e ná, uté no e ná,
218 1824 713 1883 uté no sirve pa enamorá.
520 1915 623 1967 CORO.
265 1960 886 2016 Si viri viri corona in quan quan,
223 2003 593 2058 si viri viri qui ley,
228 2048 653 2101 si viri viri qui negui,
229 2090 804 2148 fuali blanqui li está endiablá.
275 2135 890 2191 Mamita, qué querrá este hombe,
232 2180 811 2232 qué duce está la buena guana!
234 2223 681 2277 que me tira de la saya,
956 1685 1546 1741 qué duce está la buena guaná!
957 1732 1397 1786 y dice que no me vaya,
953 1775 1528 1832 qué duce está la buena guaná!
955 1818 1375 1873 si no le doy la papaya,
959 1862 1541 1916 qué duce está la buena guaná!
994 1905 1518 1963 A la guaná duce y asucará:
958 1944 1500 2005 que chupa, rechupa y chupa,
960 1993 1539 2050 qué duce está la buena guaná!
959 2037 1518 2091 y cuanto mas chupa y chupa,
962 2078 1541 2138 rechupa y chupa y no sacá ná.
1005 2125 1533 2183 Mi neguito vino é las Indias,
967 2170 1435 2225 toito venia yenito e tiña;
962 2213 1530 2272 mi neguito, paque lo conocas,
