1676 2412
158 93 509 168 asistieron desiguales
158 134 569 211 a mi infeliz nacimiento.
155 196 697 271 La Luna me dió inconstancias,
158 246 578 314 en la condicion: ingenio
158 292 595 357 Mercurio, mal empleado,
162 345 571 406 mejor fuera no tenerlo;
167 390 551 453 Venus lascivia me dió,
156 439 530 499 y apetitos lisonjeros,
161 485 535 546 y Marte ánimo cruel,
163 531 701 609 qué no darán Marte y Venus?
152 576 585 647 El Sol me dió condicion
162 630 635 693 muy generosa, y por serlo,
158 677 568 747 si no tengo que gastar,
160 722 674 789 hurto, y robo cuánto puedo.
159 772 576 836 Júpiter me dió soberbia
162 819 612 883 de bizarros pensamientos,
161 867 583 932 Saturno, cólera y rabia,
160 916 591 979 valor, y ánimo restelto.
156 966 627 1030 á traiciones; á estas causas
160 1012 616 1083 se han seguido los efectos.
155 1056 609 1125 Mi padre, por las razones
162 1110 597 1171 que callo por su respeto,
164 1155 569 1217 de Italia fue desterrado;
152 1190 647 1270 llegó á Perpiñan, un pueblo
162 1250 689 1329 de España, conmigo entonces
159 1300 621 1358 de diez años , poco menos;
154 1350 592 1412 y á los diez y seis murió,
169 1392 598 1460 téngalo Dios en el Cielo.
163 1445 607 1510 Huérfano quedé en poder
163 1491 573 1560 de mis gustos y deseos,
161 1541 531 1605 por cuyo campo corrí
162 1585 644 1657 sin rienda alguna, ni freno,
163 1631 619 1711 Los dos polos de mi vida
164 1684 582 1750 eran mujeres, y juegos,
159 1730 615 1797 en quien toda lo fundaba;
165 1778 595 1858 mira sobre qué cimiento?
158 1820 506 1890 No te podrá referir
170 1860 628 1941 mi lengua aquí por estenso
169 1923 571 1990 mis sucesos, pero haré
168 1970 595 2039 una breve copia de ellos.
164 2015 590 2079 Por forzar una doncella,
162 2042 681 2138 di la muerte á un pobre viejo
158 2112 616 2189 su padre, y por su mujer,
160 2163 571 2228 á un hourado caballero
169 2210 595 2290 en su cama maté, donde
874 93 1348 162 con ella estaba durmiendo:
866 149 1325 218 y entre su sangre bañado
866 211 1317 268 su honor, teatro funesto
873 239 1464 330 fue el lecho, mezclando entonces
881 296 1267 355 homicidio y adulterio;
870 341 1348 408 y al fin el padre, y marido
877 392 1413 454 por su honor las vidas dieron,
871 444 1416 506 que hay mártires de su honor;
877 482 1334 562 téngalos Dios en el Cielo,
871 537 1325 603 Huyendo de este castigo,
875 580 1420 654 pasé á Francia, donde pienso,
882 636 1338 694 que no olvidó la memoria
879 675 1341 749 de mis hazañas el tiempo;
877 735 1427 794 porque asistiendo á las guerras,
879 771 1375 835 que entonces se dispusieron
868 818 1366 887 entre lnglaterra, y Francia,
880 866 1290 932 yo debajo del gobierno
878 915 1355 984 de Estefáno, buen francés,
877 964 1337 1030 milité, y en un encuentro
876 1013 1353 1077 que se ofreció, me mostré
886 1060 1411 1120 tanto, que me dió por premio
882 1119 1335 1173 de mi valor el rey mismo
876 1155 1325 1233 una bandera. No quiero
883 1204 1212 1273 decirte si le pagué
886 1251 1339 1318 aquella deuda bien presto.
890 1299 1345 1366 Volví á Perpiñan honrado,
878 1349 1423 1424 y entrando á jugar á un cuerpo
876 1395 1296 1460 de guardia, sobre nada
885 1444 1397 1513 di un bofeton á un sargento,
872 1495 1283 1555 maté un capitan y herí
877 1527 1375 1602 unos tres ó cuatro de ellos.
881 1588 1206 1650 A las voces acudió
878 1629 1276 1692 toda la justicia luego,
877 1684 1311 1747 y sobre tomar la iglesia,
881 1733 1345 1795 ya en la resistencia puesto,
883 1779 1342 1841 á un corchete dí la muerte;
885 1821 1321 1887 algo habia de hacer bueno
882 1874 1315 1936 entre tantas cosas malas;
884 1917 1305 1988 téngalo Dios en el cielo.
889 1969 1399 2032 Toméla, en fin, en el campo,
880 2016 1293 2083 en un sagrado convento
887 2064 1323 2129 de religiosas, que estaba
880 2112 1339 2164 fundado en aquel desierto.
878 2159 1228 2225 Allí estuve retirado,
883 2205 1277 2280 y regalado en estremo.
