1765 2512
126 316 159 352 le
181 312 343 360 unjieron
367 314 466 348 estos
486 306 651 354 piadosos

126 372 291 401 varones,
324 370 394 406 que
410 368 467 394 me
488 355 635 392 asistían

129 425 172 449 en
200 416 322 447 trance
344 414 403 444 tan
427 404 633 451 congojoso.

178 462 229 498 Yo
248 468 318 505 que
346 457 380 493 le
405 452 527 492 estaba
549 448 710 487 mirando

131 512 176 545 de
194 510 249 544 los
272 507 350 553 pies
374 506 393 540 á
414 505 445 539 la
466 502 610 540 cabeza,

132 558 179 593 mi
213 556 315 593 dolor
343 553 500 598 siempre
533 544 721 586 avivando,

134 617 202 642 con
226 614 296 640 una
323 610 467 647 amarga
492 597 637 633 tristeza

139 656 173 692 le
204 652 304 689 decía
329 646 557 695 suspirando;

185 702 266 747 Hijo
294 699 364 736 mió
389 707 470 742 muy
500 693 638 732 amado,

140 752 262 799 ¿quién
283 759 322 784 os
348 744 482 783 coronó
510 743 552 778 de
575 740 717 787 espinas

139 813 157 847 y
187 810 225 835 os
245 796 342 833 abrió
370 798 447 831 este
471 790 617 829 costado

140 861 158 895 y
186 851 284 883 estas
317 853 444 880 manos
471 845 527 876 tan
556 839 706 875 divinas,

140 908 160 944 y
188 898 356 931 vuestros
385 891 460 936 pies
482 884 703 923 taladrados?

189 945 223 980 Si
252 945 400 988 aqueste
427 937 527 974 dolor
549 940 606 970 tan
628 935 743 969 tuerte

143 992 379 1035 contemplas,
411 984 563 1031 dejando
593 984 623 1017 el
654 981 759 1019 vicio,

141 1042 184 1078 de
209 1041 242 1076 lo
263 1049 331 1085 que
366 1036 449 1072 Dios
473 1038 506 1069 te
527 1032 618 1077 haga
638 1038 745 1075 cargo

143 1100 185 1126 en
214 1089 246 1124 el
270 1088 325 1122 dia
346 1085 403 1121 del
423 1082 552 1119 Juicio,

144 1148 186 1185 yo
207 1136 295 1173 liaré
323 1143 385 1182 por
407 1131 433 1168 tí
454 1130 487 1167 el
501 1129 690 1173 descargo.

311 1220 473 1267 SÉTIMO
500 1223 657 1262 DOLOR.

201 1329 266 1377 ¡Oh
292 1327 361 1373 qué
390 1322 570 1370 angustia,
603 1317 768 1366 pecador!

149 1380 205 1427 ¡oh
229 1379 298 1425 qué
321 1375 423 1412 dolor
439 1378 498 1408 tan
528 1368 677 1416 proligo!

150 1428 205 1474 ¡oh
240 1425 309 1472 qué
340 1433 428 1470 pena
453 1424 508 1456 sin
539 1417 635 1464 igual

151 1488 190 1513 es
215 1475 249 1512 el
275 1482 400 1509 verme
436 1470 490 1505 sin
513 1468 559 1503 mi
578 1465 672 1511 Hijo,

150 1537 170 1572 y
193 1524 226 1559 el
243 1533 289 1558 no
315 1518 465 1567 poderle
485 1513 645 1552 abrazar!

201 1573 270 1608 Los
290 1577 459 1607 varones,
481 1575 546 1602 con
575 1561 775 1609 quebranto

151 1632 209 1658 me
233 1619 372 1656 decían;
399 1625 489 1662 gran
510 1613 658 1651 Señora,

153 1681 198 1706 no
214 1678 254 1705 os
280 1664 491 1710 entreguéis
516 1661 549 1697 al
577 1660 701 1698 llanto,

155 1729 224 1764 que
248 1726 288 1762 ya
316 1715 359 1750 ha
383 1711 524 1759 llegado
549 1709 579 1744 la
600 1707 687 1742 hora

154 1768 197 1802 de
217 1776 258 1801 su
282 1763 442 1800 entierro
461 1759 683 1795 sacrosanto.

204 1811 349 1859 Mitigad
375 1812 471 1845 tanto
504 1808 698 1842 tormento,

156 1873 242 1900 cese
267 1871 306 1907 ya
328 1869 389 1896 esa
411 1867 499 1904 pena
519 1854 619 1893 dura,

158 1912 295 1947 dadnos
324 1908 356 1944 el
390 1907 530 1950 Cuerpo
550 1899 761 1947 sangriento

159 1969 241 2006 para
270 1956 368 1993 darle
390 1953 574 2001 sepultura

855 308 899 334 en
923 307 968 333 un
993 304 1110 331 nuevo
1126 292 1367 328 monumento.

906 346 996 382 Pero
1019 354 1060 390 yo
1079 350 1221 388 aunque
1246 333 1433 386 agradecía

857 394 969 430 fineza
1000 396 1057 427 tan
1081 398 1257 428 amorosa,

859 443 974 479 dando
995 443 1011 476 á
1035 439 1082 476 mi
1106 439 1184 484 Hijo
1209 437 1262 472 les
1290 434 1404 469 decia:

860 489 977 527 lomad
999 493 1075 525 esta
1098 485 1230 534 prenda
1261 483 1428 519 hermosa

860 550 930 586 que
956 542 1031 574 otra
1054 536 1149 582 igual
1172 544 1216 569 no
1244 541 1283 567 se
1299 529 1460 566 hallaría.

911 587 980 623 San
1008 586 1099 620 Juan
1122 594 1138 629 y
1161 582 1190 618 la
1209 579 1416 626 Magdalena

863 646 919 673 me
942 636 1100 672 llevaron
1121 642 1165 668 en
1192 640 1255 666 sus
1281 627 1420 665 brazos;

864 684 968 720 todos
990 680 1166 727 cargados
1184 678 1227 722 de
1248 685 1337 722 pena

865 733 997 768 fuimos
1022 727 1211 775 siguiendo
1239 725 1293 770 los
1314 731 1418 770 pasos

865 779 984 817 donde
1014 778 1046 815 él
1070 777 1235 823 sepulcro
1255 782 1293 809 se
1313 772 1458 807 ordena.

914 828 1106 873 Llegamos
1136 824 1168 860 al
1190 823 1419 858 monumento

866 877 981 913 donde
1014 886 1078 911 con
1104 870 1228 920 piedad
1264 870 1431 907 honrosa,

867 925 1095 972 depositaron
1132 921 1164 957 el
1187 921 1325 963 Cuerpo

868 972 1059 1020 tapándole
1094 980 1160 1007 con
1182 967 1215 1004 la
1238 967 1329 1007 losa;

874 1018 1118 1070 ¡contemplad
1144 1017 1191 1053 mi
1217 1009 1461 1052 sentimiento!

919 1071 1036 1106 Triste
1065 1067 1142 1104 está
1171 1066 1201 1102 la
1226 1064 1359 1108 Virgen
1381 1068 1468 1105 pura

872 1119 973 1165 aquel
1000 1117 1168 1163 sepulcro
1192 1111 1365 1149 mirando,

873 1168 951 1213 cual
974 1167 1089 1213 jamás
1112 1162 1169 1199 vió
1193 1161 1362 1198 criatura,

872 1218 890 1253 á
922 1216 963 1252 su
991 1215 1071 1259 Hijo
1096 1206 1368 1255 contemplando

874 1274 939 1301 con
973 1264 1020 1299 tal
1044 1262 1146 1297 dolor
1171 1270 1189 1306 y
1212 1263 1415 1301 amargura.

924 1312 1009 1348 Está
1033 1311 1111 1345 viva
1132 1320 1149 1355 y
1170 1305 1372 1352 sepultada,

877 1362 953 1398 está
982 1363 1121 1404 muerta
1143 1368 1161 1403 y
1183 1357 1277 1391 tiene
1302 1352 1394 1389 vida,

878 1410 953 1446 está
973 1407 1111 1455 llagada
1140 1405 1158 1450 y
1184 1401 1308 1440 herida

878 1457 1005 1493 viendo
1028 1458 1170 1492 muerto
1188 1463 1207 1498 y
1224 1445 1432 1487 destrozado

881 1505 914 1542 al
936 1516 1005 1551 que
1026 1514 1084 1540 era
1102 1513 1144 1539 su
1176 1500 1245 1544 Luz
1269 1495 1431 1544 querida.

930 1553 1045 1590 Todas
1068 1556 1167 1589 estas
1186 1549 1276 1584 siete
1298 1543 1452 1591 espadas

882 1612 1037 1649 pasaron
1058 1611 1100 1637 su
1131 1607 1294 1636 corazón,

884 1652 915 1688 si
936 1652 980 1687 de
1008 1650 1034 1686 tí
1051 1659 1116 1684 son
1142 1643 1425 1689 contempladas,

884 1700 1033 1746 gozarás
1062 1698 1096 1732 el
1121 1693 1291 1742 galardón

884 1758 928 1784 en
953 1748 984 1783 la
1014 1744 1181 1782 Celestial
1208 1738 1362 1777 morada.

933 1794 1084 1841 Afligida
1105 1792 1223 1828 Madre
1251 1789 1319 1825 mia

885 1854 926 1893 yo
945 1845 1061 1879 siento
1093 1851 1196 1876 veros
1214 1846 1338 1884 penar,

887 1905 905 1940 y
925 1903 987 1939 por
1016 1892 1045 1927 si
1067 1900 1106 1926 os
1129 1888 1242 1935 puedo
1266 1884 1385 1921 aliviar

888 1940 1012 1978 rezaré
1031 1948 1097 1975 una
1125 1934 1337 1972 Ave-Maria.

617 2034 729 2072 ACTO
757 2031 812 2069 DE
840 2025 1112 2066 CONTRICION.

200 2131 398 2171 Afligidísima
419 2129 520 2160 Madre
536 2126 573 2157 de
588 2126 660 2156 Dios
676 2133 691 2163 y
706 2123 815 2153 Señora
829 2119 899 2155 mia,
923 2118 960 2148 de
976 2117 1048 2147 todo
1065 2113 1104 2144 mi
1119 2118 1242 2143 corazón
1258 2117 1305 2139 me
1320 2115 1389 2147 pesa
1414 2106 1449 2136 de
1473 2106 1564 2137 haber

163 2173 304 2206 ofendido
328 2171 344 2202 ó
361 2176 390 2200 tu
408 2167 593 2199 amantisimo
608 2161 765 2201 Unigénito
781 2160 858 2198 Hijo,
883 2159 921 2189 mi
937 2158 1031 2188 Señor
1045 2152 1219 2185 Jesucristo,
1236 2148 1341 2180 viendo
1358 2155 1414 2186 que
1435 2147 1477 2176 los
1505 2146 1565 2184 gol¬

163 2224 216 2255 pes
231 2222 289 2253 que
305 2212 408 2241 dieron
422 2209 478 2239 mis
494 2208 593 2244 culpas
606 2213 642 2235 en
657 2212 689 2232 su
709 2202 835 2240 Cuerpo,
852 2199 906 2228 han
923 2197 988 2227 sido
1005 2195 1193 2234 penetrantes
1210 2188 1351 2220 cuchillos
1369 2195 1424 2226 que
1446 2186 1566 2216 atravie¬

164 2263 215 2285 san
237 2258 266 2283 tu
283 2259 418 2282 corazón.
438 2247 493 2287 ¡Oh
511 2245 609 2276 Madre
625 2244 699 2274 llena
722 2241 758 2270 de
774 2239 907 2270 Dolores!
929 2245 975 2267 me
991 2243 1059 2275 pesa
1077 2233 1113 2263 de
1136 2230 1263 2261 haberos
1286 2226 1437 2259 ofendido,
1464 2235 1478 2265 y
1501 2233 1566 2264 pro¬

165 2301 262 2334 pongo
280 2291 316 2321 de
332 2298 426 2320 nunca
457 2295 518 2317 mas
549 2293 647 2321 pecar,
674 2279 835 2319 rogándote
864 2287 911 2308 me
937 2276 1072 2306 alcances
1086 2273 1113 2303 la
1139 2271 1236 2311 gracia
1257 2268 1294 2298 de
1318 2265 1472 2306 cumplirlo
1502 2275 1516 2304 y
1545 2263 1571 2295 el

165 2334 279 2373 perdón
295 2339 353 2370 que
367 2337 471 2368 espero
488 2325 637 2357 mediante
652 2327 682 2353 tu
699 2320 819 2360 piadosa
836 2316 1028 2349 intercesi-on.

309 2406 520 2439 REIMPRESO
541 2404 588 2435 EN
605 2398 987 2437 CARMONA:—Imprenta
1009 2394 1096 2426 deD.
1113 2391 1179 2424 José
1196 2389 1281 2420 Maria
1300 2387 1430 2418 Moreno.
