1644 2452
188 165 208 198 2

95 210 169 247 Mas
189 222 324 261 porque
345 221 456 260 sepan
478 209 508 246 el
535 221 652 253 como,

94 262 254 300 atención
276 262 373 313 pido,
398 267 570 312 supuesto

93 327 162 365 que
184 314 321 353 cuando
348 314 474 351 mndnn
497 320 635 356 cantar,

93 381 131 403 so
153 367 245 405 halla
272 366 402 405 debido
442 367 472 404 el
496 366 658 405 silencio.

93 420 192 457 Tuvo
212 420 243 457 el
262 419 337 471 Rey
360 420 403 457 de
426 420 636 457 Dinamarca

93 485 162 511 una
182 473 251 522 hija
274 473 352 510 toda
373 486 421 509 un
441 472 552 515 Cielo,

93 538 139 562 un
162 531 325 576 portento
347 525 390 562 de
411 525 636 567 hermosura,

87 590 192 616 como
209 578 408 616 emulación
429 577 471 614 de
494 577 628 616 Venus.

91 630 158 669 Era
181 637 367 681 arrogante
387 644 406 681 y
427 629 607 673 soberbia,

91 697 111 733 y
133 697 201 734 (pie
223 684 255 721 lo
274 686 368 721 litera
392 695 435 720 no
457 696 495 720 es
517 695 648 727 nuevo,

89 749 226 787 porque
256 736 412 786 siempre
435 735 466 772 la
486 735 696 774 hermosura

89 802 129 825 es
151 789 255 827 altiva
279 802 344 827 con
366 788 565 838 desprecio.

87 841 271 879 Discretos
292 841 477 891 Principes
496 841 644 880 muchos

87 907 152 944 por
172 894 309 945 Esposa
333 895 362 931 la
387 894 564 944 pidieron,

86 950 106 985 y
129 950 146 985 á
170 948 268 984 lodos
288 948 341 984 los
359 946 577 988 desechaba,

85 1012 224 1050 porque
241 1013 278 1037 se
298 999 399 1038 hacia
422 999 454 1036 el
481 1004 671 1050 concepto.,

85 1065 156 1102 que
176 1053 208 1090 el
229 1053 405 1103 sujetarse
422 1054 441 1089 á
464 1065 569 1091 varón

85 1119 125 1142 es
141 1118 228 1156 gran
249 1118 355 1155 pena,
379 1105 405 1142 si
427 1105 495 1156 hay
518 1105 679 1157 despejo.

85 1156 153 1195 Era
176 1171 298 1207 pasmo
322 1158 364 1195 de
383 1157 413 1194 la
435 1157 556 1200 Córte,

85 1211 226 1248 mataba
247 1223 264 1247 a
287 1210 435 1252 diestro,
459 1223 479 1260 y
499 1209 679 1253 siniestro»

85 1275 223 1313 porque
253 1276 296 1300 en
329 1276 391 1300 sus
413 1263 488 1312 ojos
510 1262 597 1300 traia

84 1316 116 1353 la
137 1315 231 1357 vida,
255 1321 409 1357 muerte,
434 1328 454 1359 y
473 1327 626 1354 veneno.

82 1368 158 1405 Mas
180 1369 211 1406 el
230 1368 393 1419 Principe
414 1368 457 1405 de
478 1368 641 1418 Esparta,

82 1421 127 1458 de
157 1427 232 1458 esta
255 1420 366 1459 Dama
388 1420 605 1458 conociendo

82 1486 125 1511 su
147 1473 287 1516 altivez,
306 1487 325 1524 y
347 1486 389 1510 su
407 1473 515 1523 rigor,

80 1538 121 1563 se
142 1527 200 1564 filé
220 1538 264 1563 en
286 1538 386 1563 amor
406 1524 665 1564 encendiendo:

78 1591 101 1629 y
119 1580 176 1617 fue
197 1591 261 1629 por
284 1578 397 1616 haber
416 1578 558 1616 hallado

85 1645 103 1667 11
111 1645 130 1668 n
150 1632 268 1683 pintor
289 1631 333 1668 de
375 1643 452 1668 raro
474 1629 628 1680 ingenio,

79 1698 148 1734 (¡lie
170 1684 202 1721 le
222 1683 324 1734 copió
345 1689 421 1721 esta
442 1684 663 1727 hermosura,,

79 1750 98 1773 o
121 1736 236 1779 Angel
260 1749 303 1774 en
327 1736 407 1773 lodo
432 1741 486 1773 tan
508 1734 617 1773 bello.

77 1789 131 1827 En
152 1790 247 1828 vivos
264 1789 359 1829 zelos
379 1802 417 1826 se
438 1789 548 1830 ardía,

77 1856 99 1894 y
120 1842 236 1880 decía:
265 1843 440 1881 Hermoso
461 1842 593 1883 dueño,

77 1895 105 1932 si
127 1908 228 1933 como
245 1896 277 1933 el
300 1894 398 1932 Cielo
421 1900 453 1931 te
475 1895 531 1932 dió

77 1960 140 1986 esa
166 1948 391 1990 hermosura,
412 1953 450 1984 tu
472 1946 587 1997 pecho

75 2013 121 2038 no
143 2001 240 2038 fuera
263 2001 442 2039 diamante
465 2001 567 2041 duro,

76 2053 226 2103 cuajado
246 2066 291 2092 en
312 2052 475 2091 cristales
497 2059 627 2093 tersos,

75 2119 96 2142 v
118 2119 182 2143 con
204 2119 280 2144 mas
300 2105 558 2143 benevolencia

74 2159 229 2197 miraran
252 2166 308 2197 tus
327 2159 403 2209 ojos
423 2159 549 2202 bellos;

77 2212 145 2249 :oh!
161 2224 263 2249 como
283 2226 326 2264 yo
367 2225 424 2250 me
447 2213 633 2255 atreviera,

77 2264 206 2316 Aguila
222 2277 265 2316 yo
286 2265 330 2304 de
352 2266 398 2303 mí
417 2277 571 2308 mesmo,

818 210 837 246 á
856 213 1096 247 remontarme
1114 208 1218 248 hasta
1240 210 1272 248 el
1291 208 1366 254 Sol,

818 274 880 300 sus
901 274 1004 312 rayos
1025 276 1045 313 y
1068 262 1124 299 luz
1145 262 1334 300 bebiendo!

818 313 894 351 Mas
915 314 997 365 hoy,
1022 315 1067 352 tal
1090 327 1188 352 amor
1209 328 1266 353 me
1281 315 1390 355 incita

816 368 834 403 á
851 372 925 404 esta
946 379 1126 417 empresa,
1151 380 1220 418 que
1240 367 1414 419 pretendo

815 418 1029 457 casándome
1052 420 1084 458 el
1101 420 1218 458 viento
1239 420 1327 463 alas,

815 484 918 509 como
938 472 1105 522 espuelas
1123 473 1220 510 calzó
1242 474 1276 511 el
1312 474 1446 517 viento;

821 524 853 560 el
872 524 980 574 partir
1001 527 1018 562 á
1037 525 1262 569 Dinamarca,

820 576 1018 614 disfrazado
1034 591 1077 615 en
1100 577 1304 623 Caballero,

818 629 870 667 sin
893 642 960 680 (pie
984 630 1086 668 nadie
1108 643 1164 667 me
1185 643 1351 676 conozca,

821 685 837 719 á
862 696 922 720 ver
942 682 969 720 si
1009 695 1112 722 acaso
1134 696 1176 721 en
1194 684 1324 727 efecto,

821 735 934 773 tienes
955 747 1055 773 amor
1074 748 1138 789 por
1158 748 1227 786 que
1248 737 1337 779 sola,

820 789 839 824 ó
864 801 939 825 mas
960 800 1063 826 acaso
1085 787 1306 833 encubierto,

818 840 848 877 si
866 840 902 877 tu
923 840 1063 878 destino
1085 841 1119 878 te
1139 840 1231 879 lleva

816 905 899 942 para
925 892 1005 931 todo
1032 893 1069 932 tu
1090 893 1260 944 despeño:

816 945 982 997 Principe
1013 947 1057 984 de
1082 946 1229 996 Esparta
1250 960 1326 999 soy,

821 1011 897 1036 mas
914 999 982 1050 hoy
998 1001 1079 1038 seré
1099 999 1338 1043 Aventurero,

819 1064 890 1101 que
905 1051 1023 1102 jamás
1044 1066 1086 1090 en
1109 1052 1242 1102 pechos
1262 1054 1387 1094 nobles

819 1103 932 1142 caben
951 1106 1103 1155 agüeros
1141 1105 1176 1142 ni
1197 1105 1347 1145 miedos.

819 1156 848 1193 Y
872 1158 1037 1196 lomando
1059 1158 1102 1195 de
1125 1164 1199 1195 esta
1221 1165 1358 1203 suerte,

818 1222 863 1261 no
882 1210 982 1261 galas
997 1211 1075 1249 sino
1096 1211 1252 1253 dineros,

818 1274 865 1300 un
886 1262 1039 1305 caballo,
1065 1263 1118 1301 sin
1140 1263 1294 1307 criados,

818 1315 919 1363 cogió
940 1328 986 1354 un
1009 1315 1147 1354 camino
1173 1315 1253 1354 bien
1275 1316 1378 1368 lejos.

822 1367 933 1406 Llevó
955 1369 1103 1419 consigo
1126 1369 1284 1407 también

822 1420 852 1456 el
876 1420 1024 1459 Retrato
1041 1421 1237 1459 verdadero

817 1471 864 1510 de
876 1485 918 1510 su
939 1473 1080 1525 imágen
1099 1488 1116 1524 y
1134 1474 1321 1524 presencia

824 1525 855 1561 el
880 1524 1044 1577 Principe
1065 1526 1251 1569 Filiberto,

820 1589 891 1626 que
912 1585 989 1615 este
1011 1592 1070 1616 era
1091 1592 1132 1616 su
1153 1579 1301 1617 nombre
1317 1582 1446 1632 propio

818 1641 839 1678 y
861 1631 1071 1671 caminando
1099 1632 1225 1681 ligero,

821 1681 916 1733 llegó
938 1687 1026 1733 pues
1043 1684 1060 1720 á
1084 1684 1307 1726 Dinamarca,

820 1734 852 1771 el
875 1734 1013 1773 caballo
1024 1736 1150 1774 vendió
1172 1736 1292 1787 luego,

819 1799 839 1837 y
860 1800 925 1826 can
947 1800 993 1825 un
1011 1788 1148 1826 vestido
1168 1788 1326 1828 humilde

819 1840 998 1881 andábase
1020 1844 1038 1878 á
1064 1842 1096 1879 lo
1116 1847 1269 1884 secreto,

818 1893 958 1931 ovendo
974 1893 1017 1932 de
1040 1894 1071 1932 la
1093 1894 1261 1933 Princesa

817 1945 897 1995 algo
917 1958 962 1983 en
983 1946 1123 1989 nobles.,
1144 1960 1163 1998 y
1183 1947 1367 1999 plebeyos.

819 1998 921 2036 Viola
938 2012 1007 2037 una
1028 2012 1090 2037 vez
1111 2012 1180 2049 que
1201 2000 1285 2038 salia

822 2052 837 2086 á
861 2064 902 2089 su
928 2064 1014 2102 gran
1033 2052 1310 2095 divertimiento,

820 2115 890 2151 que
911 2117 971 2142 era
995 2104 1024 2142 la
1046 2118 1125 2142 caza
1143 2105 1186 2142 de
1209 2111 1344 2148 monte,

811 2170 881 2195 con
901 2169 964 2195 sus
985 2157 1115 2196 Damas
1137 2171 1155 2207 v
1176 2164 1370 2197 monteros:

818 2224 836 2261 y
858 2211 886 2248 si
912 2217 1013 2248 antes
1035 2211 1250 2248 enamorado

819 2262 922 2301 bahía
944 2263 1060 2301 vivido
1081 2263 1194 2314 ciego,
