1765 2512
197 164 222 198 '4

103 210 241 252 estaba,
258 220 327 258 que
341 208 378 245 la
395 211 548 244 ventana

103 264 177 301 caía
199 262 231 300 al
251 260 331 299 sitio
351 258 520 300 derecho,

112 328 179 354 con
195 314 228 352 el
244 314 389 351 Retrato
410 324 479 362 que
502 309 592 360 trajo

113 369 157 406 de
174 368 242 405 ella
262 365 414 404 hablaba
433 368 589 405 amante,
615 374 635 413 y
659 360 779 398 tierno.

108 435 129 471 y
151 434 194 458 en
216 420 247 457 la
269 431 374 457 razón
394 416 556 459 conoció,

106 486 175 523 que
192 473 283 510 seria
302 470 504 509 Caballero.

105 525 181 563 Mas
204 525 235 563 al
258 527 304 562 lin
325 536 426 561 como
447 520 600 562 curiosa,

104 590 234 628 muger
252 578 283 615 al
306 577 375 619 lin,
390 575 423 612 al
444 579 624 612 momento

110 631 190 681 bajó
210 631 242 668 al
264 629 399 678 Jardin¡
412 626 508 679 (¡que
524 623 675 676 delirio!)

108 689 228 722 contra
250 697 290 720 su
311 682 440 719 decoro
461 680 626 720 honesto,

111 736 167 773 sin
188 735 281 774 duda
301 737 321 773 á
340 747 381 771 su
400 730 606 783 precipicio,

105 802 170 826 con
193 796 249 827 tan
272 800 349 826 raro
370 785 580 824 desacierto,

104 854 144 878 se
165 841 322 892 despeña
344 846 421 878 otro
439 838 613 876 Faetorite

104 906 150 931 en
171 894 288 932 ansias
307 899 420 930 tantas
438 890 621 928 ardiendo.

106 947 223 989 Quien
244 950 261 984 á
281 945 461 994 Principes
485 943 640 981 bizarros

104 1011 151 1036 uo
167 999 308 1042 estima,
331 999 438 1036 ahora
454 1009 576 1034 vemos

108 1050 223 1102 (quizá
246 1052 288 1089 de
312 1052 395 1089 Dios
416 1048 610 1099 castigada)

106 1104 302 1143 humillada
324 1107 342 1141 á
359 1116 406 1141 un
435 1102 635 1140 Jardinero.

105 1156 209 1195 Viola
229 1158 343 1199 venir,
366 1170 386 1208 y
403 1158 421 1192 á
436 1167 478 1192 su
500 1153 579 1191 lado

113 1209 144 1246 la
165 1210 349 1260 Duquesa,
373 1220 448 1247 mas
468 1207 500 1245 él
517 1207 622 1257 luego

106 1274 147 1299 se
168 1262 276 1313 fingió
298 1263 388 1304 loco,
413 1273 476 1310 por
496 1272 558 1297 ver

108 1314 144 1351 lo
164 1327 234 1364 que
249 1314 384 1352 resulta
404 1313 448 1350 de
464 1317 626 1362 aquesto.

114 1368 183 1406 Las
204 1368 267 1404 dos
289 1367 446 1416 llegaron
465 1368 482 1402 á
504 1364 677 1407 hablarle,

115 1434 136 1471 y
157 1419 188 1456 el
211 1419 295 1469 dijo:
329 1420 410 1460 Ola,
434 1419 503 1468 qué
525 1418 605 1454 veo?

113 1474 188 1510 Son
202 1471 291 1509 ellas
312 1471 364 1509 las
383 1469 630 1519 Principónos?

113 1524 142 1561 O
164 1525 284 1574 quién?
301 1522 469 1574 Válgalas
486 1522 519 1560 el
536 1521 648 1559 Cielo.

112 1577 266 1617 Confusa
284 1576 402 1627 quedó
423 1575 596 1617 Rosaura;

107 1630 231 1679 juzgó,
254 1642 324 1679 que
344 1628 495 1666 hubiese
512 1630 532 1664 á
551 1626 585 1667 Jo
610 1637 734 1665 menos

112 1694 196 1721 mas.
208 1694 314 1732 capaz
335 1682 427 1718 alma
449 1692 491 1718 en
513 1678 618 1729 aquel

109 1740 168 1772 tan
188 1733 379 1784 peregrino
398 1732 529 1783 sujeto,

109 1786 162 1824 Fu
184 1788 244 1828 lin,
273 1799 334 1837 por
353 1798 417 1824 ver
436 1786 467 1823 el
490 1789 620 1822 retrato

119 1840 151 1877 le
173 1839 257 1890 dijo:
284 1841 313 1876 A
336 1851 398 1876 ver
419 1837 620 1877 Caballero,

110 1893 181 1941 qué
200 1904 239 1930 es
258 1891 351 1929 esto?
371 1890 401 1927 Y
422 1890 454 1927 él
475 1888 560 1939 dijo:
586 1887 679 1930 Qué?

109 1943 193 1987 Cria.
204 1943 327 1986 Santa,
350 1956 396 1981 no
418 1945 494 1980 está
515 1939 658 1979 viendo?

119 1997 290 2035 Mostróle
313 1996 345 2034 el
365 1996 526 2037 Retrato,
551 2005 570 2044 y
587 1992 657 2030 ella

108 2061 149 2087 se
169 2048 307 2088 admiró
330 2049 411 2086 toda
432 2047 476 2085 de
492 2046 605 2088 verlo;

111 2114 199 2151 pues
220 2114 279 2140 era
298 2102 328 2139 la
350 2102 475 2138 misma
496 2098 597 2149 copia

110 2154 155 2192 de
176 2168 215 2193 su
239 2154 387 2205 original
410 2159 467 2191 tan
488 2152 599 2190 bello.

846 197 1031 242 Hombre,
1055 196 1087 234 le
1110 195 1193 245 dijo;
1225 193 1268 231 de
1289 192 1405 231 donde

844 251 988 290 hubiste
1008 253 1025 288 á
1044 255 1100 286 tus
1120 259 1244 286 manos
1265 252 1345 284 esto

845 318 913 355 que
935 303 1083 341 Retrato
1105 300 1174 338 mió
1192 299 1247 338 es?

849 359 873 394 Y
895 358 926 395 el
950 356 1033 406 dijo:
1060 354 1202 392 Donoso
1231 351 1371 389 cuento!

843 410 897 447 No
918 411 974 452 vé,
998 420 1068 459 que
1088 419 1127 445 es
1147 418 1216 443 una
1238 403 1382 442 Santica

842 476 926 513 muy
953 462 1060 501 linda,
1086 473 1106 510 y
1120 462 1138 496 á
1154 459 1187 496 lo
1209 471 1278 507 que
1300 455 1467 494 entiendo

841 528 879 553 es
899 517 1008 554 Santa
1030 512 1164 551 Marina
1185 510 1276 548 esta?

840 581 910 619 que
933 567 1035 605 viene
1056 578 1122 602 con
1143 562 1365 602 embelecos?

842 621 1024 671 Duquesa,
1051 623 1125 655 este
1143 629 1181 653 es
1204 615 1251 653 mi
1271 614 1432 652 Retrato:

841 673 1011 712 Princesa
1034 683 1077 709 no
1099 670 1165 720 hay
1184 667 1278 706 duda
1301 680 1344 704 en
1367 666 1450 704 ello.

842 725 1019 767 Hombre,
1042 722 1147 775 quién
1170 727 1202 758 te
1224 719 1256 757 lo
1278 719 1334 756 dió
1356 720 1374 756 á
1393 719 1433 755 tí?

844 778 976 823 Quien?
1000 778 1055 814 Me
1076 776 1172 813 costó
1195 773 1240 810 mi
1261 771 1397 812 dinero,

847 831 934 869 Este
949 830 1097 868 Retrato
1112 827 1177 864 lias
1196 824 1241 863 de
1260 825 1398 866 darme;

847 885 877 922 si
897 897 935 921 se
957 883 989 920 lo
1011 882 1094 920 daré
1115 892 1179 930 por
1199 877 1323 919 cierto,

847 938 876 975 si
897 937 966 974 ella
984 942 1059 973 otra
1080 931 1214 984 prenda
1234 942 1291 968 me
1308 930 1365 967 dá.

846 991 941 1028 Pues
956 1000 1058 1027 como
1074 988 1140 1027 así,
1163 984 1348 1022 desatento

843 1042 970 1081 hablas
990 1037 1170 1090 conmigo?
1192 1035 1244 1074 No
1268 1036 1343 1078 vés,

845 1109 914 1146 que
935 1107 1012 1145 soy,
1037 1094 1236 1143 ignorante,
1259 1088 1375 1138 ciego,

844 1148 1014 1187 Princesa
1034 1146 1079 1184 de
1095 1142 1322 1182 Dinamarca?

844 1201 952 1243 Pues,
975 1200 1044 1249 qué
1063 1211 1102 1235 se
1121 1209 1176 1235 me
1193 1194 1236 1232 dá
1257 1198 1276 1232 á
1297 1192 1345 1231 mi
1366 1191 1409 1230 de
1431 1191 1509 1230 eso?

845 1254 942 1304 Vaya
960 1265 1025 1290 con
1046 1264 1086 1288 su
1108 1247 1305 1289 Prineeria,

847 1320 866 1357 y
886 1304 1014 1356 hágale
1036 1316 1117 1354 muy
1133 1301 1227 1338 buen
1246 1297 1436 1349 provecho.

846 1359 921 1396 Mas
943 1358 973 1395 al
997 1358 1058 1398 lin,
1077 1367 1141 1406 por
1160 1353 1364 1391 alcahuetas

845 1412 913 1462 hay
937 1405 1136 1450 maldades,
1165 1420 1184 1458 y
1205 1406 1254 1443 asi
1274 1406 1333 1443 fué
1354 1409 1445 1444 esto;

845 1476 915 1514 que
936 1464 994 1501 fué
1018 1474 1123 1499 causa
1142 1459 1172 1496 la
1195 1458 1380 1508 Duquesa,

845 1514 1019 1554 haciendo
1041 1512 1157 1555 burla,
1182 1523 1225 1549 en
1248 1511 1376 1551 efecto,

846 1569 890 1606 de
912 1580 983 1618 que
1004 1579 1073 1604 una
1093 1564 1229 1616 prenda
1249 1563 1282 1600 le
1298 1562 1415 1604 diese,

843 1621 962 1671 quedó
985 1617 1155 1657 abrasada
1177 1619 1194 1654 á
1216 1628 1258 1652 su
1280 1616 1398 1664 fuego,

830 1700 836 1706 •
844 1673 1005 1714 confusa,
1029 1685 1049 1722 y
1071 1667 1302 1710 enamorada,

845 1738 915 1777 que
936 1737 982 1762 en
1007 1734 1175 1774 mugeres
1194 1733 1234 1758 es
1254 1719 1408 1760 defecto,

845 1778 1035 1818 inclinarse
1057 1778 1074 1813 á
1096 1775 1128 1812 lo
1150 1785 1248 1824 peor,

846 1846 863 1882 y
886 1845 930 1870 en
947 1829 1037 1869 ellas
1055 1834 1131 1865 esto
1154 1839 1197 1863 no
1219 1838 1257 1862 es
1279 1836 1408 1861 nuevo.

844 1885 886 1921 El
909 1881 1069 1933 príncipe
1091 1880 1134 1917 de
1155 1884 1232 1916 esta
1251 1882 1372 1914 suerte

845 1935 962 1987 quedó
984 1932 1163 1973 alentado,
1186 1944 1206 1982 y
1226 1934 1406 1967 contento.

845 1987 973 2027 Donde
994 1989 1012 2023 á
1036 1991 1111 2024 esta
1132 1981 1285 2035 primera
1305 1987 1421 2031 parle,

847 2041 956 2079 noble
978 2037 1161 2076 Auditorio
1183 2036 1348 2076 discreto,

849 2091 994 2132 Manuel
1014 2090 1141 2129 Martin
1161 2089 1193 2126 le
1210 2087 1251 2125 dá
1269 2087 1331 2129 lin,

848 2161 867 2198 y
885 2147 916 2185 la
939 2143 1098 2194 segunda
1118 2139 1314 2181 comienzo,

469 2256 544 2295 FIN
577 2255 638 2294 DE
668 2253 729 2292 LA
760 2250 975 2291 PRIMERA
1010 2247 1181 2287 PARTE.
