1338 1751
797 126 826 177 5
337 187 406 220 Ale.
471 190 517 223 He
538 189 578 222 de
598 190 703 225 llenar
722 192 752 224 la
773 190 881 224 cárcel
901 190 940 224 de
961 191 1111 233 pollinos.

338 233 411 265 Esc.
474 235 507 266 El
529 235 667 267 hombre
688 245 722 268 es
743 236 938 269 inhumano.

337 277 406 310 Ale.
469 278 625 311 Decidme
642 289 683 311 en
703 280 768 322 qué
787 281 983 323 quedamos,
1005 280 1197 313 Escribano?

335 321 408 354 Esc.
471 323 518 355 En
534 333 598 365 que
618 324 746 366 rompió
761 326 790 357 la
808 324 917 358 cárcel
938 326 965 357 el
984 325 1118 367 pollino.

333 367 405 399 Ale.
469 367 581 400 Poned
597 369 767 401 sentencia
788 378 847 410 por
867 370 897 402 el
913 369 1130 402 clandestino.

334 410 408 443 Esc.
471 412 577 444 Poner
596 413 643 444 las
663 417 757 445 señas
774 413 814 446 ha
834 414 876 446 do
891 423 943 446 ser
963 414 1120 456 primero.

333 454 406 487 Ale.
468 456 528 487 Del
548 456 689 497 pollino?

334 499 408 532 Esc.
470 500 517 532 Yo
537 499 584 532 así
606 501 636 532 lo
653 500 840 539 considero;

466 553 485 584 y
500 544 565 585 qué
585 545 657 585 pelo
683 545 783 582 tenia,
806 546 890 578 edad
910 555 928 586 y
943 546 1068 578 altura?

335 586 405 618 Ale.
470 588 517 620 Un
534 588 814 631 pollino,"poned,
831 590 871 623 de
892 590 937 622 mi
953 594 1113 623 estatura.

334 630 408 662 Esc.
471 632 529 664 Las
540 635 640 665 ¡ti
650 643 694 666 -os
713 634 821 667 alabo.

335 675 406 707 Ale.
469 676 660 714 Escribano,
682 679 838 715 escribid,
860 688 924 711 con
940 681 1011 711 esto
1032 679 1148 711 acabo.

469 720 494 752 Y
514 721 540 753 si
561 731 657 754 acaso
678 723 802 764 llegare
822 722 839 755 á
856 727 1006 755 vuestras
1021 726 1155 764 puertas

467 774 512 796 un
542 767 663 806 pollino
686 767 726 799 de
742 770 895 809 aquestas
915 772 1010 800 señas
1030 777 1047 809 y
1064 770 1163 803 estas,

466 808 497 841 le
513 810 652 846 recibáis
666 812 697 844 al
720 814 823 852 punto
835 813 1040 854 juramento.

337 852 410 884 Esc.
474 854 508 886 El
530 855 628 887 burro
650 855 689 888 ha
706 855 747 888 de
759 856 868 898 jurar?

335 896 407 931 Ale.
469 898 553 931 Pues
573 909 628 937 no,
651 901 823 941 jumento?

335 941 409 974 Esc.
472 943 620 979 Alea]de,
636 944 701 978 ved
724 955 789 988 que
805 955 839 979 es
856 945 1006 979 desatino
1034 954 1102 978 eso.

336 985 407 1018 Ale.
469 987 634 1029 Alguacil?

334 1029 422 1062 Adíe.
433 1030 541 1071 2,Qué
557 1032 724 1065 mandáis?

335 1074 406 1106 Ale.
469 1076 621 1109 Llevadle
641 1087 749 1119 preso;

467 1128 485 1159 y
505 1121 662 1153 tenedme
684 1131 746 1154 con
763 1123 793 1154 el
809 1132 853 1155 un
874 1132 956 1164 gran
972 1123 1127 1159 cuidado,

467 1172 510 1194 no
526 1174 560 1196 se
581 1166 660 1198 suba
676 1167 706 1199 al
730 1168 819 1199 alero
838 1167 892 1199 del
907 1168 1028 1209 tejado.

336 1205 410 1238 Esc.
473 1208 507 1240 El
528 1209 734 1243 doctrinaros
750 1212 818 1244 solo
835 1221 871 1244 os
891 1212 1059 1244 amohína.

337 1249 408 1283 Ale.
470 1252 602 1286 Pensáis
623 1264 687 1296 que
710 1265 747 1297 yo
764 1265 819 1297 soy
840 1256 916 1289 niño
933 1256 973 1288 de
989 1256 1155 1289 doctrina?

467 1296 631 1333 Llevadle,

340 1340 411 1372 Esc.
472 1341 606 1375 Alcalde
627 1343 706 1376 mió.

337 1384 408 1419 Ale.
471 1384 511 1417 Es
532 1385 726 1425 invención,
927 1388 938 1432 (
955 1389 1082 1422 llévalo.
1104 1389 1111 1429 )

467 1439 594 1473 porque
618 1432 679 1474 hoy
701 1436 793 1475 estoy
808 1434 935 1467 vestido
953 1434 993 1467 de
1008 1435 1149 1467 Faraón.

467 1474 547 1507 Vive
568 1476 689 1518 crispo,
706 1487 770 1520 que
787 1488 821 1510 es
841 1488 918 1512 cosa
934 1478 1106 1511 rematada

467 1521 618 1553 estorbar
633 1521 650 1554 á
667 1532 709 1555 un
727 1523 860 1555 Alcalde
881 1524 911 1556 la
931 1522 1113 1556 alcaldada.

334 1565 421 1597 Sale.
431 1564 513 1598 2.Ya
528 1565 558 1597 le
574 1565 616 1598 he
631 1569 748 1608 puesto
764 1577 803 1599 en
823 1568 851 1599 la
871 1566 995 1604 cárcel,
1016 1571 1113 1600 señor
1129 1565 1207 1599 mió.

334 1609 407 1642 Ale.
471 1609 555 1641 Pues
572 1610 711 1643 escribid
734 1611 848 1643 ahora.

384 1654 414 1687 2.
472 1652 508 1684 Es
524 1653 687 1692 desvario,
710 1665 835 1698 porque
852 1665 892 1689 no
910 1654 944 1689 sé
965 1655 1113 1690 escribir.

333 1683 721 1733 Alc. Cosa perdida!
