1652 2448
134 1572 1568 1625 Copia de una oracion que ha sido hallada
132 1650 1558 1705 en Roma en el Santo Sepulcro de nuestro
140 1728 1554 1787 Señor Jesucristo que se custodia en el
149 1812 1554 1867 Oratorio de su Santidad, la cual dice asi.
195 2019 1554 2061 Que habiendo Santa Isabel, Reina de Ungria, santa Matilde y santa
140 2062 1546 2105 Brigida hecho muchas y particulares oraciones á Dios nuestros Señor,
147 2107 1537 2148 deseosas de saber algunas circunstancias de su pasion y muerte dolo-
136 2150 1543 2191 rosisima, las dijo estas santisimas palabras: sabreis queridas mias, como
138 2195 1537 2233 los soldados que me prendieron en el huerto de Jetsemaní fueron cin-
144 2240 1541 2278 cuenta y ocho. Los ejecutores de la sentencia, treinta y dos. Los que
139 2285 1549 2324 me llebaron atado tres. Diéronme cinco mil seiscientos treinta y cinco
