1737 2508
1300 264 1513 314 (Nüm. 23)
335 341 1448 423 DON JUAN DE LA TIERRA.
215 1392 1633 1489 ROMANCE EN QUE SE DA CUENTA Y DECLARAN LOS HECHOS,
214 1439 1630 1533 arrestos y valentías de éste héroe, natural de la villa de Illescas. Dáse
214 1485 1630 1579 cuenta de la reñida pendencia que tuvo en defensa de su rey. Con
523 1536 1322 1610 todo lo demas que verá el curioso lector.
738 1746 1124 1804 PIRMERA PARTE.
269 1882 728 1940 Corónense de laureles
224 1932 795 1994 todos los guapos de España,
224 1977 686 2039 al oir de un castellano
228 2027 811 2089 triunfos, victorias y palmas,
232 2075 817 2135 y los hombres mas valientes
230 2123 771 2184 humildes le rindan parias
228 2168 849 2234 á este héroe, á este tremendo
226 2220 821 2282 segundo Marte en las armas.
230 2270 805 2330 Nació en la villa de lllescas
955 1858 1577 1922 el gran don Juan de la Tierra,
955 1906 1491 1968 dando aumentos á la fama
957 1955 1589 2017 el gran don Juan de la Tierra,
957 2001 1441 2065 de esclarecida prosapia,
957 2051 1539 2115 aunque un mediano caudal
961 2103 1453 2163 á su padre le acompaña.
959 2150 1434 2210 Diéronle estudios y fué
959 2198 1505 2262 un Séneca en la elegancia
965 2252 1416 2312 y en manejar el acero
