1188 1758
728 146 747 177 4

260 189 322 222 Ale
327 188 333 224 ,
397 188 444 221 No
470 188 544 230 digo
561 188 654 222 bien?

261 233 375 266 Ilomb.
392 234 432 265 Es
447 232 598 267 desatino
621 242 689 267 eso.

259 279 333 311 Ale.
395 277 560 318 Alguacil?

258 322 346 355 Sale.
388 322 418 353 1.
437 320 510 362 Qué
521 322 687 355 mandáis?

259 367 332 402 Ale.
393 365 546 398 Llevadle
562 376 669 408 preso.

259 410 374 443 Homb.
389 411 474 446 Pues
489 419 532 442 no
549 411 662 452 podéis
677 422 768 445 errar
784 422 881 446 como
889 412 1030 446 hombre
1045 413 1188 447 humane

259 455 332 487 Ale.
393 454 469 486 Dios
484 463 543 486 nos
559 458 670 496 tenga,
690 461 826 489 señores
842 458 881 490 de
897 469 933 489 su
953 459 1065 490 mano!

392 498 545 532 Llevadle
568 509 677 541 preso,
695 511 759 542 que
775 511 810 533 es
831 511 876 534 un
898 501 1059 536 hablador

392 543 418 574 A
433 552 478 574 un
507 543 641 576 Alcalde
657 554 691 577 se
713 548 799 577 trata
821 545 861 577 de
875 545 1049 579 herrador!

259 586 374 620 Homb.
392 587 439 618 Yo
461 586 534 627 digo
550 597 614 630 que
629 587 670 622 vá
686 589 803 622 errado
825 599 881 622 ese
897 590 1073 631 despacho.

261 631 334 664 Ale.
395 631 459 663 Dos
473 640 571 664 veces
587 632 757 666 herrador!
777 634 841 666 sois
856 644 901 666 un
917 634 1095 667 borracho.

394 677 463 715 Que
477 684 512 707 es
532 676 678 710 decirme
700 687 765 719 que
783 678 844 719 doy
864 688 902 719 yo
917 678 967 710 sin
984 679 1125 711 cordura

392 728 459 752 una
475 728 517 752 en
537 721 568 753 el
587 722 680 755 clavo
696 732 713 764 y
729 722 840 760 ciento
856 732 898 758 en
918 724 949 755 la
968 722 1161 758 herradura!

391 763 556 799 Llevadle,

258 809 291 841 d.
388 808 520 845 Vamos.

257 852 373 885 Homb.
391 853 460 885 Ved
480 863 545 895 que
561 853 661 887 estáis
680 855 729 887 sin
746 855 827 889 tino.
1009 866 1095 889 vase.

257 898 330 937 Ale.
392 897 419 931 Y
435 897 628 935 echádmele
650 900 698 935 las
719 901 828 933 calzas
850 900 902 934 del
918 900 1052 943 pollino.

258 943 333 974 Esc.
394 941 529 977 Envidia
552 952 606 975 me
623 943 706 981 dais,
723 945 843 982 cierto,
864 955 922 986 por
938 945 996 978 mil
1016 944 1146 979 modos.

257 986 332 1018 Ale.
395 987 465 1026 Que
487 996 529 1019 no
546 996 581 1021 es
601 988 631 1019 el
646 998 698 1021 ser
713 990 847 1024 Alcalde
866 999 944 1032 para
965 989 1071 1022 todos.

259 1031 347 1062 Sale.
360 1030 441 1062 l.Ya
456 1031 565 1072 queda
584 1031 602 1063 á
618 1032 707 1065 buen
722 1033 855 1066 recado.
875 1033 945 1075 Qué
960 1034 1118 1069 Cordura!

258 1075 330 1114 Ale.
392 1076 551 1111 Veremos
566 1076 665 1118 quién
684 1078 727 1109 ha
742 1077 849 1110 hecho
865 1079 896 1110 la
924 1078 1118 1111 herradura.

392 1119 585 1160 Proseguid,
608 1121 796 1154 Escribano.

262 1163 332 1195 Esc.
394 1163 486 1195 Idme
506 1164 665 1201 notando,

257 1208 329 1243 Ale.
392 1207 453 1243 Por
469 1209 655 1249 Pregonero
675 1209 745 1242 real
760 1209 882 1242 mando
898 1220 916 1251 y
931 1210 1094 1243 remando

392 1250 410 1283 á
431 1252 526 1285 todos
540 1253 589 1287 los
608 1254 740 1295 lugares
755 1254 833 1287 bien
850 1254 1022 1288 distantes,

390 1305 456 1338 que
476 1306 511 1329 se
526 1298 675 1330 hallaren
691 1301 839 1334 estantes
855 1309 871 1340 y
892 1299 1096 1336 habitantes,

391 1350 456 1383 que
471 1351 530 1383 por
551 1343 595 1374 tal
615 1343 645 1375 al
659 1343 790 1378 borrico
811 1353 853 1376 no
873 1353 928 1376 sea
949 1344 1033 1381 dada

390 1386 483 1420 favor
498 1386 531 1418 ni
552 1387 671 1427 ayuda,
687 1389 760 1430 paja
780 1388 813 1419 ni
833 1388 971 1425 cebada;

392 1433 549 1473 supuesto
565 1441 629 1473 que
649 1441 691 1464 en
712 1433 743 1465 la
763 1432 871 1466 cárcel
888 1433 960 1465 hizo
982 1433 1063 1466 fiero

390 1474 409 1517 á
424 1475 559 1517 patadas
576 1486 592 1517 y
608 1485 705 1509 coces
724 1477 770 1511 un
791 1476 918 1516 bu,

309 1520 339 1553 1.
396 1520 543 1557 Alcalde,
565 1520 630 1562 qué
651 1521 751 1555 decís!
776 1522 873 1557 estáis
888 1523 937 1555 sin
954 1524 1042 1555 seso?

259 1564 331 1596 Ale.
393 1564 556 1605 Alguacil?

258 1608 345 1640 Sale.
357 1608 376 1639 1
382 1607 464 1648 .Qué
479 1608 644 1642 mondáis?

258 1652 329 1687 Ale.
390 1652 542 1685 Llevadle
557 1662 663 1695 preso.

261 1697 332 1732 Ese.
394 1698 501 1735 Jesús,
518 1696 581 1740 qué
602 1698 779 1733 desatinos!

846 1655 856 1699 (
880 1655 994 1688 llévalo
1014 1655 1024 1699 )
