1737 2508
944 251 990 304 7
264 313 824 351 y dijo que era hijo vuestro,
262 360 736 400 y en la dicha confianza,
258 408 789 449 para su adorno y decencia
257 457 716 497 le di monedas y galas,
260 506 876 546 No siento, Señor, la hacienda:
256 554 778 594 solo siento mi hija amada.
264 602 742 640 El gran Felipe acordóse
258 652 762 690 de aquella noche pasada,
258 700 758 736 cuando al soldado le dió
264 748 702 786 el anillo, y se separa
264 795 755 835 diciéndole, que volviese
256 846 756 884 al cabo de dos semanas.
251 893 787 932 El gran rey mandó llamar
261 942 868 985 á un capitan de sus guardias,
258 990 800 1031 diciendo pasase á Illescas,
260 1039 719 1077 y diligencias se hagan
262 1088 898 1130 de un tal don Juan de la Tierra,
264 1136 806 1177 y que á palacio lo traigan.
260 1184 780 1225 Fué el capitan, y lo halló,
262 1232 804 1276 vino con su esposa amada.
259 1281 829 1322 Ante el rey los dos pusieron
259 1329 801 1371 á lo que dispone, y manda
255 1376 723 1417 que todos se retirasen;
264 1426 754 1468 con el soldado quedaba.
257 1474 682 1516 Juróle por su corona,
252 1523 726 1566 si la verdad no declara,
257 1572 745 1613 que tiene de castigarlo;
255 1620 880 1662 que quién le dió aquella alhaja
258 1668 657 1709 de aquel anillo real?
257 1717 824 1761 A lo que don Juan le habla,
256 1765 682 1808 diciéndole: paseando
256 1815 759 1857 una cierta noche anbaba
251 1861 727 1903 por la Córte cuando oí
255 1909 693 1953 una voz muy delicada
256 1958 717 2001 de una dama que decia
249 2008 782 2050 huya, huya; que lo matan.
256 2055 718 2098 Vide á cierto caballero
248 2104 890 2148 hecho un Marte en la campaña,
251 2154 746 2195 que de ocho se defendía
256 2201 756 2246 con española arrogaucia.
254 2251 670 2292 A su lado me planté,
251 2299 812 2344 arranqué, señor, la espada,
994 316 1532 363 quitándole algunas puntas,
986 364 1503 409 porque grandes estocadas
992 414 1465 455 le tiraban los traidores:
984 463 1488 506 mas fue mi fortuna tanta,
991 511 1479 553 que al caballero ni á mí
992 561 1438 600 se nos agravíase nada;
991 606 1398 650 y agradecido, señor,
989 657 1382 697 el referido me daba
989 705 1455 745 unos doblones y dióme
989 754 1465 795 ese anillo que se enlaza
994 802 1407 843 en vestra mano real.
984 852 1453 890 Me dijo á palacio vaya,
994 901 1510 942 que él era el mayordomo,
989 946 1412 988 y mire no haya falta.
992 996 1472 1037 Nunca me acordé de ir;
982 1043 1520 1086 seguí á Nápoles la marcha,
984 1094 1482 1135 señor en mi regimiento,
992 1142 1595 1185 donde he hallado dicha tanta,
991 1191 1527 1229 que con decir yo que era
982 1239 1561 1279 hijo vuestro (heróica hazaña)
988 1291 1551 1326 y que tambien dí la muerte
988 1337 1574 1377 á un hijo del Duque de Alba,
988 1384 1528 1425 engañando á un mercader,
984 1432 1438 1472 saquéle su hija amada.
986 1480 1486 1522 Paséme á España, señor,
988 1530 1532 1571 con hacienda muy sobrada,
982 1578 1438 1616 recibí del matrimonio
988 1626 1473 1667 las ceremonias sagradas.
984 1676 1446 1715 Aquí teneis mi cabeza,
983 1725 1430 1764 y la verdad declarada.
976 1774 1339 1811 Maravillado quedó
977 1821 1469 1862 el rey viendo la sumaria
983 1870 1432 1911 del término de su vida,
985 1919 1526 1961 y al mayordomo le manda
981 1966 1550 2010 que lo mantenga en palacio,
978 2016 1461 2057 Así estuvo dos semanas
976 2065 1456 2104 hasta que el napolitano
978 2114 1471 2155 la vuelta á palacio daba.
971 2162 1579 2203 El rey le mandó que aguarde
984 2211 1501 2253 hasta segunda ordenanza.
979 2260 1470 2300 Mandó subiese don Juan
973 2310 1547 2351 y venga su esposa, y traigan
