1628 2432
1462 147 1481 180 3

225 197 372 231 Griselda
405 196 552 230 también
576 195 676 229 venia

222 251 285 275 con
303 252 349 275 un
381 241 519 275 cántaro
547 240 586 273 de
618 248 716 283 agua,

223 295 240 327 y
262 286 437 328 dejándolo
465 285 506 319 do
541 284 639 328 prisa,

221 330 302 363 salió
334 340 396 364 con
422 334 511 363 otras
544 328 749 364 muchachas

222 374 238 408 á
268 384 325 407 ver
356 375 408 408 del
431 383 588 417 marques
613 373 643 406 la
673 372 770 406 novia

223 428 239 460 y
270 418 430 453 Gualtero
459 428 522 451 con
554 418 705 460 palabras

222 462 427 504 halagüeñas
452 472 512 505 por
543 472 581 495 su
618 461 758 494 nombro

222 506 438 545 llamándola,
459 507 506 540 así
528 508 559 540 le
583 505 694 539 habla:

223 551 372 584 Griselda
398 551 507 585 donde
533 549 603 585 está
633 553 669 582 tu
696 548 812 591 padre?

222 596 248 627 Y
270 595 418 628 Griselda
440 605 503 630 con
532 604 589 628 vos
611 593 683 635 baja

222 639 254 672 le
282 640 457 681 responde:
485 640 591 673 Señor
614 639 692 676 mió,

224 683 268 716 mi
291 684 390 724 padre
418 684 488 716 está
516 684 635 716 dentro
661 691 702 714 en
724 690 813 714 casa.

224 727 350 770 Apeóse
376 727 408 760 el
429 728 609 764 caballero,

225 781 241 813 y
272 771 337 813 dijo
369 771 385 804 á
418 772 467 805 los
495 781 559 815 que
581 769 711 804 llevaba

225 825 289 857 que
319 825 363 848 un
396 825 478 857 poco
502 825 536 849 se
575 814 775 850 detuviesen

226 869 290 901 que
325 860 445 893 saldría
474 861 523 893 sin
559 859 726 893 tardanza.

225 903 367 936 Entróse
390 905 460 937 solo
485 903 548 937 allá
573 903 704 938 dentro,

226 956 287 980 con
321 949 352 980 el
379 948 480 989 padre
502 957 537 981 se
566 946 773 981 encontraba

225 991 266 1024 do
295 990 455 1029 Griselda,
485 1003 503 1034 y
527 992 559 1025 le
578 991 706 1029 saluda,

225 1045 243 1076 y
278 1035 318 1068 de
349 1039 419 1069 esta
449 1040 562 1070 suerte
600 1036 631 1069 le
661 1035 773 1068 habla:

225 1079 378 1113 Janículo
404 1090 483 1122 muy
514 1081 590 1114 bien
617 1080 711 1113 sabes

225 1133 291 1164 que
323 1133 396 1157 eres
418 1126 463 1157 mi
488 1124 623 1161 vasallo,
652 1134 668 1166 y
702 1125 793 1156 tanta

225 1167 387 1200 voluntad
413 1172 511 1211 tengo
537 1169 554 1202 á
582 1170 617 1202 tu
645 1168 722 1209 hija,

227 1220 292 1253 que
321 1212 481 1255 dispongo
509 1213 549 1246 de
578 1213 719 1246 tomarla

226 1264 286 1297 por
308 1265 436 1298 esposa,
462 1267 497 1290 es
528 1261 563 1290 tu
587 1260 697 1299 gusto,

228 1309 299 1332 mas
327 1300 425 1342 juzgo
453 1310 517 1343 que
545 1300 772 1344 repugnancia

228 1353 270 1376 no
295 1343 398 1378 habrá
426 1346 547 1387 alguna
572 1350 689 1387 puesto
720 1353 784 1387 que
803 1352 876 1377 eres

226 1387 364 1421 dichoso
389 1397 432 1422 en
463 1392 534 1422 esta
563 1388 749 1430 embajada,

228 1434 263 1464 tu
292 1437 465 1474 respuesta
494 1442 611 1475 espero
638 1435 751 1467 ahora.

228 1476 252 1507 Y
282 1484 346 1509 con
380 1479 568 1519 vergüenza
591 1477 733 1513 sobrada

227 1518 381 1553 Janículo
415 1521 463 1555 les
494 1523 672 1563 responde:

227 1566 339 1603 señor,
375 1575 418 1599 no
453 1575 607 1599 merezco
636 1566 732 1604 nada,

227 1617 299 1640 mas
324 1608 351 1641 si
378 1610 504 1651 gustáis
535 1610 575 1643 de
601 1614 671 1644 este
700 1610 844 1652 empleo,

227 1655 363 1687 vuestra
391 1654 550 1687 voluntad
574 1663 609 1687 se
629 1655 725 1696 haga.

228 1695 372 1730 Llámala
398 1698 429 1730 al
463 1702 580 1739 punto,
607 1698 638 1732 le
664 1699 750 1738 dice,

228 1748 291 1781 que
321 1741 437 1782 quiero
458 1742 574 1776 hablar
597 1743 653 1777 dos
671 1744 823 1786 palabras

226 1792 291 1816 con
316 1785 395 1822 ella,
420 1787 446 1819 si
471 1795 507 1820 es
527 1791 676 1829 gustosa;

227 1837 245 1868 y
273 1827 426 1864 Janículo
456 1831 485 1864 la
507 1832 619 1865 llama.

225 1871 310 1905 Vino
338 1874 485 1908 Griselda
510 1876 686 1910 corriendo

227 1914 245 1948 á
279 1925 336 1950 ver
361 1918 393 1951 lo
424 1928 488 1961 que
527 1920 557 1953 le
584 1921 705 1954 manda

227 1969 266 1993 su
291 1962 404 2003 padre:
439 1973 456 2004 y
482 1964 512 1996 el
537 1964 705 1999 caballero

225 2003 257 2037 le
284 2004 372 2040 dice:
397 2007 544 2041 Griselda
567 2010 697 2049 amada,

225 2047 264 2080 tú
287 2053 401 2090 gustas
426 2052 467 2084 de
492 2062 548 2085 ser
578 2054 623 2086 mi
655 2057 787 2096 esposa?

226 2092 252 2124 Y
290 2094 355 2127 ella
383 2097 548 2137 responde
574 2098 725 2137 turbada,

227 2138 327 2170 señor
356 2139 423 2172 mió
445 2149 484 2182 yo
499 2143 534 2174 tu
561 2145 695 2184 esposa?

228 2189 271 2213 no
298 2187 412 2223 gastes
436 2185 593 2227 conmigo
627 2187 783 2226 chanzas,

228 2233 293 2265 que
323 2236 379 2269 soy
408 2229 522 2270 pobre,
550 2239 566 2271 y
590 2230 770 2266 diferentes

227 2277 286 2302 son
320 2274 356 2303 tu
384 2272 511 2314 palacio
528 2283 544 2315 y
572 2274 619 2308 mi
641 2285 731 2310 casa:

226 2314 367 2347 conoció
394 2325 435 2349 en
457 2321 527 2350 esto
550 2317 718 2360 Gualtero,

227 2365 291 2400 que
318 2359 383 2393 ella
410 2369 446 2394 se
469 2361 685 2398 consideraba

942 194 1078 238 indigna
1092 194 1133 229 de
1145 203 1192 228 un
1216 193 1262 227 tal
1278 191 1422 235 empleo;

942 249 960 282 y
977 240 1008 273 le
1025 239 1099 273 dice
1119 243 1205 273 estas
1222 238 1385 281 palabras:

944 284 1047 321 dime,
1066 283 1102 318 tú
1122 282 1213 317 serás
1231 284 1409 316 constante

944 337 985 361 en
1006 328 1082 362 todo
1103 331 1225 361 cuanto
1241 336 1278 368 yo
1294 326 1395 367 haga?

943 373 969 404 Y
998 373 1060 406 ella
1085 371 1272 415 respondió,
1306 373 1416 410 señor,

944 416 972 450 si
1000 416 1040 451 de
1064 413 1439 459 improviso'mandáras

945 470 1010 503 que
1034 471 1088 495 me
1111 461 1264 502 quitaran
1288 460 1318 492 la
1335 459 1408 492 vida

944 514 1008 538 con
1033 506 1063 538 la
1088 508 1218 538 muerte
1250 513 1320 537 mas
1347 511 1484 545 amarga

944 558 1009 591 que
1033 550 1190 583 bárbaros
1208 549 1399 582 intentasen

944 603 989 626 no
1010 593 1167 636 romperé
1191 593 1236 626 mi
1266 592 1475 626 constancia.

945 639 1101 672 Bastante
1136 639 1194 671 has
1226 637 1323 670 dicho
1343 645 1406 669 con
1436 644 1505 673 eso,

946 682 1024 724 dijo,
1055 691 1071 724 y
1095 683 1126 716 al
1151 683 1299 715 instante
1333 680 1455 713 manda

946 725 964 759 á
999 727 1058 760 dos
1086 727 1210 760 dueñas
1238 734 1303 768 que
1332 724 1427 760 traía,

947 779 1012 813 que
1045 772 1076 804 la
1104 781 1182 813 ropa
1201 780 1268 814 que
1295 768 1436 807 llevaba,

946 815 978 848 la
1016 815 1168 858 quitasen
1197 825 1213 857 y
1242 813 1402 848 vistiesen

947 859 988 892 de
1019 861 1168 902 aquellas
1199 862 1347 892 costosas
1379 856 1469 898 galas

947 911 1013 945 que
1043 904 1149 937 traían
1189 903 1397 946 prevenidas.

947 948 973 980 Y
1005 957 1083 990 muy
1107 958 1147 982 en
1174 948 1276 982 breve
1305 948 1336 980 la
1369 954 1445 979 saca

948 992 1099 1026 ataviada
1118 1002 1136 1034 y
1164 995 1359 1035 compuesta

948 1035 966 1068 á
992 1036 1023 1070 la
1056 1041 1173 1079 puerta
1200 1047 1216 1078 y
1245 1046 1286 1071 en
1319 1045 1378 1069 voz
1411 1034 1478 1067 alta

949 1079 1014 1122 dijo
1041 1084 1110 1115 esta
1142 1091 1177 1115 es
1206 1081 1250 1115 mi
1276 1081 1446 1115 consorte,

947 1127 1018 1159 esta
1050 1135 1085 1159 es
1109 1126 1139 1159 la
1164 1135 1228 1168 que
1255 1123 1427 1159 destinada

948 1171 1062 1212 tengo,
1100 1180 1137 1212 ya
1167 1171 1250 1203 hace
1273 1169 1396 1202 mucho
1424 1168 1549 1210 tiempo

949 1221 1025 1253 para
1054 1223 1107 1247 ser
1136 1215 1181 1247 mi
1207 1223 1321 1257 esposa
1354 1212 1486 1247 amada.

947 1257 1025 1292 Esto
1055 1268 1119 1300 que
1149 1259 1244 1292 todos
1272 1266 1411 1300 oyeron,

946 1301 997 1334 los
1026 1303 1215 1336 sombreros
1247 1313 1264 1345 y
1293 1304 1340 1336 las
1365 1311 1463 1344 capas

948 1354 1008 1387 por
1035 1347 1083 1380 los
1117 1348 1202 1381 aires
1224 1357 1259 1381 se
1287 1347 1476 1386 estendian,

949 1399 1014 1423 con
1042 1391 1188 1425 Víctores
1213 1402 1230 1433 y
1252 1392 1443 1430 alabanzas,

948 1443 1031 1476 pues
1053 1445 1091 1468 su
1115 1438 1215 1469 señor
1235 1436 1283 1470 les
1306 1435 1451 1478 cumplía

948 1478 978 1511 el
1007 1482 1104 1519 gusto
1132 1489 1196 1522 que
1228 1480 1406 1514 deseaban.

949 1522 974 1555 A
1008 1522 1156 1557 Griselda
1178 1525 1206 1557 la
1239 1525 1396 1567 pusieron

950 1575 992 1599 en
1022 1577 1066 1600 un
1096 1569 1211 1602 coche:
1237 1579 1253 1611 y
1283 1571 1379 1612 luego
1417 1570 1580 1604 marchan

950 1610 968 1644 á
1002 1611 1032 1644 la
1069 1613 1188 1647 ciudad
1213 1614 1403 1657 diligentes,

950 1664 992 1689 en
1026 1657 1133 1691 donde
1162 1659 1272 1700 alegre
1303 1668 1338 1692 se
1370 1668 1446 1692 cosa

951 1700 981 1731 el
1018 1700 1186 1744 marqués.
1227 1704 1308 1736 Pero
1335 1712 1400 1745 que
1428 1706 1524 1746 gozo!

950 1752 1016 1785 que
1043 1743 1162 1788 júbilo!
1198 1756 1263 1789 que
1291 1747 1479 1782 alabanzas!

949 1786 1015 1830 qué
1047 1791 1207 1832 placeres!
1238 1801 1303 1834 que
1334 1793 1490 1834 alegrías!

950 1842 1015 1875 quo
1048 1837 1148 1868 toros!
1179 1836 1296 1878 juegos
1329 1837 1369 1870 de
1396 1839 1510 1871 cañas!

950 1886 1014 1919 que
1037 1880 1216 1913 comedias!
1247 1879 1312 1922 qué
1334 1881 1487 1915 deleites!

950 1930 1010 1961 por
1038 1923 1068 1956 la
1097 1923 1190 1957 córte
1223 1925 1437 1959 celebraban!

950 1964 1064 2004 Quéde
1090 1977 1170 2010 pues
1196 1978 1236 2002 en
1263 1970 1293 2002 la
1325 1970 1450 2012 alegría

949 2016 1088 2051 aquesta
1118 2013 1262 2054 primera
1291 2013 1400 2055 plana,

951 2062 1015 2095 que
1042 2065 1085 2089 en
1116 2059 1145 2090 la
1176 2058 1324 2100 segunda
1354 2063 1520 2101 prometo,

951 2099 991 2130 de
1024 2109 1138 2141 penas,
1164 2111 1298 2144 aunque
1330 2104 1490 2145 calladas,

950 2141 1042 2177 darle
1080 2155 1097 2177 a
1128 2146 1172 2178 mi
1207 2147 1372 2180 auditorio
1405 2153 1523 2183 atento

950 2195 1018 2220 una
1052 2188 1176 2223 noticia
1211 2200 1290 2234 muv
1321 2193 1425 2232 larga.

1105 2279 1287 2315 SEGUNDA
1320 2283 1465 2316 PARTE.

994 2367 1037 2400 Ya
1069 2368 1133 2412 dije
1160 2378 1222 2405 con
1254 2376 1398 2407 cuantas
1428 2372 1549 2417 glorias
