1737 2508
1172 341 1410 383 (Número 6.)
415 451 1333 496 Antonio Narvaez y Rosaura.
470 1329 1283 1371 PRIMERA PARTE.
181 1431 1588 1467 DE LOS AMOROSOS LANCES Y PARTICULARES SUCESOS QUE
184 1476 1588 1511 acaecieron á una hermosa dama llamada Rosaura, y á su amante D. Anto-
183 1520 1577 1557 nio Narvaez, natural de Córdoba; dase cuenta del modo con que se des-
184 1564 1578 1601 cubrió á la dama en Sierra-Morena que la guardaba un Oso, y como di-
239 1608 1530 1645 cho caballero lo mató; con todo lo demás que verá el curioso lector.
226 1733 773 1786 A olvidar vanas memorias
179 1785 683 1838 á divertir pensamientos,
178 1834 805 1885 á dar principio á mis ancias,
185 1881 793 1934 (esta es la verdad y lo ciento.)
176 1931 668 1987 Salí, pues una mañana,
178 1981 767 2037 cuando Abril de flores lleno,
176 2028 720 2081 consuela con su fragancias
176 2078 767 2131 los valles, montes y cerros:
175 2127 565 2178 alegre me divertía
173 2174 702 2227 en la maleza y saliendo
175 2222 770 2277 dandole vista á unos montes
906 1741 1431 1792 donde para un arroyuelo,
906 1789 1477 1842 que en derretidos cristales
904 1836 1489 1889 sirve á una selva de espejo:
910 1886 1454 1939 y mirando sus corrientes
904 1933 1448 1988 en una sombra me siento:
904 1984 1364 2037 y acabo de breve rato
907 2035 1402 2087 que estaba sentado, veo
904 2082 1410 2135 que bajaba por el agua
906 2129 1540 2185 un guante el que yo de presto
904 2178 1430 2232 lo saqué de la corriente,
906 2228 1309 2283 y sacudiendolo, veo
