1737 2508
271 166 623 246 por ser allí religiosa
274 221 658 305 una dama, cuyo deudo
271 265 626 338 la puso en obligacion
266 312 737 403 de este cuidado: mi pecho,
267 365 594 434 como basilisco, ya
270 413 694 500 trocó la niel en veneno,
259 463 641 531 y pasando despeñado
263 511 687 578 desde él agrado al desco,
261 559 803 635 mónstruo, que de lo imposible
262 605 706 676 se alimenta en vivo fuego,
252 653 719 716 que en la resistencia crece,
262 703 747 777 llama que la aviva el viento;
255 744 610 813 disimulade enemigo
247 793 755 867 que mata á su propio dueño,
253 842 770 928 y en fin, deseo en tun hombre,
245 892 737 960 que sin Dios, y sin respeto
251 940 712 1014 lo abominable, lo horrible
247 983 626 1054 estima por solo serlo,
246 1029 685 1100 me atreyí, Turbado aquí
242 1080 791 1176 (si de esto, señor me acuerdo)
242 1132 590 1192 muda fallece la voz,
243 1176 678 1266 triste desmaya el aliento,
240 1230 606 1289 el corazon á pedazos
238 1271 673 1348 se quiere salir del pecho,
240 1331 804 1392 y como entre obscuras sombras
237 1370 682 1443 se eriza barba, y cabello,
227 1419 672 1485 y yo confuso, y dudoso,
230 1472 684 1552 triste, y absorto no tengo
225 1509 570 1580 ánimo para decirlo,
223 1563 638 1632 y lo tuve para hacerlo,
230 1606 611 1675 tal es mi delito, y tal
230 1654 642 1730 de detestable, y de feo,
227 1706 644 1774 de sacrilego, y profano,
220 1748 685 1839 (harto asi te lo encarezco
221 1798 649 1863 que de haberlo cometido
215 1844 668 1914 alguna vez me arrepianto,
212 1891 720 1968 En fin, me atreví una noche,
214 1938 699 2031 cuando el nocturno silencio
214 1986 621 2058 construia á los mortales
214 2036 688 2105 breves sepulcros del sueño,
214 2079 631 2146 cuando los Cielos tenian
208 2132 611 2196 corrido el obscuro velo
210 2178 670 2246 luto, que ya por la muerte
206 2226 680 2300 del Sol , aspiraba al viento,
202 2276 660 2343 y en sus ezequias las aves
987 182 1480 275 nocturnas, en vez de versos
985 247 1453 321 cantan fúnebres, en ondas
981 293 1414 368 de zafir, con los reflejos
980 337 1405 413 las estrellas daban luces
982 385 1402 458 trémulas al firmamento,
981 430 1413 506 En fin, esta noche entré
975 485 1500 564 por las paredes de un huerto,
976 531 1355 602 de dos amigos valido,
973 582 1373 650 que para tales sucesos
966 632 1411 700 no falta quien acompafie,
969 674 1518 752 y entre el espanto, y el miedo,
976 714 1512 797 pisando en sombras mi muerte,
960 769 1506 843 llegué á la celda (aquí tiemblo
958 817 1453 899 de acordarme) donde estaba
968 876 1452 948 mi parienta, que no quiero,
958 919 1424 987 por si respeto nombrarla,
953 971 1417 1038 ya que no por mi respeto.
957 1013 1423 1088 Desmayada á tanto horror,
961 1060 1410 1130 cayó redonda en el suelo,
957 1105 1454 1184 de donde paró á mis brazos,
949 1162 1531 1245 y antes que vuelta en su acuerdo
954 1207 1398 1274 se viese, ya estaba fuera
944 1250 1436 1324 del sagrado, en un desierto
946 1304 1522 1382 á donde aunque de el Cielo pudo
950 1346 1399 1417 valerle, no quiso el Cielo.
948 1392 1384 1464 Las mujeres persuadidas
945 1443 1399 1515 á que son de amor efectos
942 1488 1340 1565 las locuras, fácilmente
943 1539 1386 1617 perdonan, y asi siguiendo
936 1584 1370 1659 al llanto el agrado, halló
927 1635 1372 1707 á sus desdichas consuelo,
933 1684 1457 1775 aunque esias eran tan grandes,
936 1727 1370 1807 que miraba én un sugeto
933 1780 1337 1849 escalamiento, violencia,
935 1824 1387 1898 incesto, estupro, adulterio
927 1871 1425 1955 al mismo Dios, como esposo,
925 1924 1388 2000 y al fin, al fin, sacrilego.
926 1968 1390 2037 Desde allí en efecto en dos
927 2018 1362 2095 caballos, hijos del viento,
918 2067 1323 2137 á la vuelta de Valencia
928 2110 1381 2187 fuimos, á donde fingiendo
920 2169 1403 2242 que era mi mujer, vivimos
916 2214 1414 2283 con poca paz mucho tiempo,
926 2263 1363 2331 porque yo hallándome ya
915 2303 1314 2385 gastado el poco dinero
